2570 4026
942 352 1014 395 LE
1059 357 1088 388 «
1135 350 1251 394 rao
1292 349 1577 395 cLUEN‘no
1622 356 1654 388 »
2140 334 2256 392 ‘273

427 550 734 610 Cicer-on
766 550 1055 621 justine
1095 561 1221 607 ses
1263 547 1854 672 contlradictions
1895 561 2168 608 comme

1120 639 1398 696 avocat
1463 678 1478 691 .

416 795 484 853 L.
534 793 729 853 138...
776 794 888 852 Est
935 792 1132 852 etiam
1177 789 1430 867 reliqua
1486 807 1837 868 permagna
1872 789 2247 865 auctoritaS,

333 900 527 960 quam
553 900 670 960 ego
707 882 983 959 turpiter
1027 897 1205 960 paene
1229 880 1532 957 praeterii.
1561 880 1699 939 Mea
1720 881 1894 941 enim
1924 897 2068 941 esse
2096 880 2251 940 dici-

330 974 456 1032 tur.
479 963 798 1031 Recitavit
832 966 911 1030 ex
943 970 1232 1030 oratione
1254 969 1277 1003 ²
1305 968 1526 1029 nescio
1556 986 1683 1045 qua
1718 970 1953 1030 Accius
1976 971 2020 1043 ³,
2051 987 2247 1047 quam

330 1079 545 1121 meam
573 1078 716 1121 esse
745 1060 1019 1135 dicebat,
1039 1058 1553 1120 cohortationem
1582 1060 1932 1136 quamdam
1946 1060 2246 1136 judicum

330 1150 410 1209 ad
440 1152 710 1210 honeste
748 1149 1201 1227 judicandum,
1242 1152 1306 1207 et
1345 1150 2043 1209 commemorationem
2093 1166 2243 1209 cum

329 1240 606 1299 aliorum
617 1237 1191 1317 judiciorum,quae
1208 1238 1479 1313 probata
1494 1255 1623 1298 non
1643 1242 1885 1313 essent,
1911 1243 2051 1298 tum
2069 1238 2243 1298 illius

329 1328 538 1406 ipsius
559 1327 1065 1408 judicii-Iuniani
1087 1344 1102 1397 ·,
1126 1327 1396 1402 proinde
1421 1327 1604 1403 quasi
1634 1345 1751 1403 ego
1775 1345 1905 1387 non
1931 1327 2008 1388 ab
2031 1327 2240 1400 initio,

328 1417 526 1495 hujus
559 1416 957 1477 defensionis
991 1416 1267 1475 dixerim
1305 1415 1701 1475 invidiosum
1741 1415 1900 1477 illud
1920 1416 2240 1494 judicium

328 1506 530 1567 fuisse
562 1525 574 1566 ε
613 1511 744 1581 aut,
782 1523 933 1567 cum
966 1504 1042 1565 de
1085 1503 1356 1565 infamia
1384 1505 1788 1582 judiciorum
1817 1506 2237 1583 disputarem,

326 1596 650 1673 potuerim
683 1595 868 1666 illud,
896 1595 1070 1672 quod
1093 1598 1223 1653 tam
1248 1594 1560 1671 populare
1589 1600 1780 1669 esset,
1814 1595 1927 1655 illo
1950 1600 2241 1672 tempore

326 1686 673 1762 praeterire.
710 1686 846 1745 139.
874 1686 1004 1761 Ego
1027 1700 1199 1758 vei-0,
1229 1683 1282 1742 si
1308 1683 1463 1760 quid
1485 1682 1627 1761 ejus
1655 1684 1833 1744 modi
1855 1684 2003 1761 dixi,
2029 1700 2240 1762 neque

327 1775 662 1852 cognitum
690 1772 1224 1850 commemoravi,
1258 1789 1468 1852 neque
1501 1790 1616 1849 pro
1653 1771 2030 1834 testimonio
2072 1775 2237 1847 dixi3

326 1871 388 1925 et
442 1865 554 1926 illa
597 1866 799 1926 oratio
851 1865 1068 1942 potius
1100 1864 1415 1940 temporis
1449 1864 1576 1923 mei
1601 1865 1643 1938 ⁴,
1685 1883 1879 1942 quam
1914 1865 2143 1943 judicii
2177 1871 2240 1926 et

325 1954 728 2017 auctoritatis
759 1954 900 2015 fuit.
929 1954 1088 2013 Cum
1121 1952 1295 2013 enirn
1328 1969 1724 2028 accusarem,
1761 1957 1824 2015 et
1853 1954 2015 2016 mihi
2048 1954 2234 2015 initio

322 2045 818 2124 proposuissem
848 2047 922 2104 ut
949 2043 1202 2104 animos
1229 2047 1294 2104 et
1323 2043 1544 2120 populi
1568 2044 1840 2103 Romani
1860 2051 1922 2103 et
1935 2045 2235 2121 judicum

324 2150 828 2206 commoverem,
845 2150 1127 2210 cumque
1152 2149 1382 2192 omnes
1401 2133 1792 2193 offensiones
1805 2134 2229 2211 judiciorum,

322 2241 452 2284 non
510 2242 588 2284 ex
655 2241 801 2284 mea
853 2223 1182 2301 opinione,
1244 2221 1357 2282 sed
1414 2240 1492 2282 ex
1548 2223 1890 2283 hominum
1936 2226 2233 2284 rumore³

322 2314 705 2390 proferrem,
767 2313 963 2373 istam
1007 2328 1170 2384 rem,
1227 2328 1370 2387 quae
1420 2315 1552 2371 tam
1606 2313 2005 2390 populariter
2060 2318 2233 2374 esset

322 2404 578 2479 agitata,
612 2401 939 2480 praeterire
971 2418 1104 2460 non
1132 2400 1336 2476 potui.

399 2492 524 2552 Sed
566 2496 737 2551 errat
771 2491 1215 2564 vehementer,
1252 2489 1306 2548 si
1352 2491 1498 2566 quis
1531 2492 1596 2550 in
1638 2493 2042 2554 orationibus
2073 2509 2229 2554 nos·

318 2581 457 2657 triS,
493 2598 655 2657 quas
695 2580 778 2661 in·
792 2578 1058 2656 judiciis
1101 2578 1478 2650 habuimus,
1520 2582 1934 2643 auctoritates
1974 2588 2230 2643 nostras

318 2670 730 2748 consignatas
784 2686 852 2729 se
897 2668 1135 2728 habere
1191 2667 1560 2729 arbitratur.
1594 2671 1834 2731 Omnes
1876 2672 2049 2732 enim
2100 2672 2227 2733 illae

370 2823 408 2863 1.
436 2833 459 2862 «
480 2822 551 2863 On
572 2821 792 2883 opposait
811 2815 1008 2862 Ciceron
1040 2817 1068 2861 a
1087 2812 1220 2860 Cice-

317 2885 417 2916 ron.
456 2874 650 2917 celui-ci
702 2883 928 2927 repousse
968 2874 1042 2915 cet
1084 2882 1221 2925 argu-

317 2931 448 2970 ment
474 2931 520 2972 et
559 2929 649 2971 tait
681 2927 836 2970 l’aveu
876 2927 1071 2969 suivant
1138 2924 1218 2967 u’il

316 2985 388 3024 est
409 2983 499 3024 bon
522 2982 578 3025 de
594 2982 823 3025 retenir...
841 2980 878 3022 Il
897 2991 956 3022 ne
977 2979 1082 3022 faut
1128 2989 1218 3020 onc

316 3044 400 3088 pas
442 3034 717 3079 conside-rer
765 3036 919 3077 tontes
967 3032 1037 3076 les
1081 3042 1220 3127 argu-

317 3090 604 3132 inentations
652 3089 709 3132 de
757 3083 952 3130 Ciceron
1004 3096 1089 3128 sur
1169 3095 1217 3128 es

315 3142 543 3185 matieres
578 3143 636 3186 de
679 3141 804 3184 droit
837 3150 1021 3183 comme
1060 3140 1214 3181 conte-

314 3197 430 3237 nant
476 3196 772 3250 l'exposition
816 3193 955 3237 d‘une
1001 3192 1213 3236 doctrine

316 3250 531 3302 toujours
556 3251 781 3293 certaine.
810 3262 832 3290 »
852 3247 926 3300 (G.
951 3245 1008 3289 de
1033 3246 1214 3300 Caque-

323 3313 419 3349 rav,
443 3316 561 3344 oen-r.
590 3303 692 3353 cite,
722 3300 896 3356 p.3‘20.)

363 3346 403 3398 Ξ.
435 3357 599 3397 Nescio
622 3369 725 3410 qua.
752 3356 800 3397 Si
823 3355 892 3398 les
914 3353 1214 3395 adversaires

314 3409 369 3452 de
394 3407 589 3453 ciceron
619 3412 722 3451 sont
748 3408 953 3451 allusion
981 3406 1008 3448 a
1033 3417 1096 3448 un
1123 3405 1215 3448 dis·

312 3474 451 3506 cours
491 3475 583 3519 que
623 3473 744 3506 nous
778 3460 1054 3516 possedous,
1091 3463 1210 3502 cette

313 3516 520 3559 allusion
538 3520 647 3571 peut
666 3517 952 3611 s'aKpliquer
970 3525 1031 3557 au
1044 3513 1211 3554 euxini

312 3569 368 3612 de
397 3571 440 3612 la
463 3570 703 3614 premiere
766 3571 890 3613 ction
917 3570 1077 3610 contre
1100 3568 1211 3609 Ver-

312 3622 407 3673 reS‚
443 3635 503 3667 an
540 3625 612 3666 cb.
641 3634 721 3667 Lx!
757 3624 820 3666 du
854 3621 1062 3677 premier
1096 3619 1211 3673 plai-

1329 2818 1471 2874 doyer
1503 2819 1560 2864 de
1598 2820 1646 2864 la
1666 2821 1927 2865 Deuxieme
1948 2822 2137 2873 Action,
2165 2834 2227 2867 ou

1329 2883 1500 2916 encore
1521 2886 1582 2917 au
1603 2875 1678 2917 ch.
1700 2886 1731 2916 x
1753 2875 1815 2918 du
1838 2876 1929 2916 Pro
1946 2875 2137 2917 Cau-ina.

1380 2925 1421 2969 3.
1438 2927 1614 2968 Accius.
1634 2927 1964 2972 L'accusation
1988 2927 2103 2974 etait
2124 2942 2229 2974 sou-

1328 2981 1469 3023 tenue
1494 2991 1580 3034 par
1599 2982 1735 3025 Titus
1753 2983 1943 3032 Accius,
1968 2985 2229 3039 originaire

1328 3031 1385 3076 de
1407 3034 1606 3077 Pisaure
1628 3034 1735 3089 pres
1756 3035 2108 3086 d'Ariminium,
2129 3048 2229 3092 per-

1329 3096 1540 3141 sonnage
1570 3089 1652 3142 qui
1683 3089 1806 3134 n'est
1832 3101 1990 3133 connu
2020 3102 2113 3146 que
2142 3103 2227 3145 par

1328 3142 1447 3182 cette
1479 3143 1690 3184 mention
1726 3142 1783 3186 de
1816 3141 2040 3187 ciceron:
2068 3145 2114 3186 T.
2143 3146 2228 3186 Ac-

1326 3194 1437 3234 cium
1459 3194 1789 3246 Pisaurensem,
1807 3198 1932 3251 cujus
1952 3199 2230 3240 accusationi

1324 3247 1533 3298 respondi
1602 3260 1651 3290 ro
1669 3248 1726 3289 A.
1761 3250 2078 3305 Cluentio,qui
2106 3266 2230 3293 accu-

1324 3304 1423 3341 rate
1458 3262 1632 3344 diceAEzt
1666 3307 1709 3343 et
1738 3304 1852 3344 satis
1878 3306 2063 3357 copiose.
2087 3306 2227 3356 (Bru-

1326 3358 1411 3403 tus,
1435 3366 1640 3405 Lxxvm,
1664 3355 1790 3410 271.)

1320 3460 1347 3502 d
1377 3406 1418 3501 lii
1452 3407 1676 3505 Temffiris
1705 3411 1806 3453 mei,
1832 3411 1946 3453 Voir
1981 3411 2027 3453 la
2060 3416 2169 3455 note
2198 3411 2224 3457 4

1352 3471 1376 3503 e
1426 3473 1453 3503 a
1477 3472 1519 3514 p.
1608 3466 1635 3504 ἰ.

1372 3513 1415 3557 5.
1442 3515 1648 3557 limam-e,
1672 3517 1735 3560 Le
1762 3518 1873 3560 vain
1914 3518 2042 3560 bruit
2079 3517 2135 3560 de
2175 3518 2222 3560 la

1320 3567 1451 3610 foule
1489 3571 1613 3621 (voir
1638 3571 1684 3612 la
1711 3573 1817 3613 note
1837 3570 1863 3613 3
1891 3571 1947 3613 de
1973 3572 2019 3613 la
2044 3582 2092 3624 p.
2124 3572 2219 3623 173)

1321 3621 1533 3675 s'opposo
1559 3621 1585 3664 a
1606 3623 1771 3675 opimo,
1797 3623 1932 3666 l'avis
1963 3621 2214 3667 raisonnc.
