2570 4026
389 233 506 290 tm
1070 247 1175 290 Lus
1220 248 1630 297 mammonas
1718 273 1747 317 3

391 384 695 456 fatebare,
725 400 912 461 poena
942 381 1246 443 affectum
1278 383 1650 458 querebare.
1688 384 1800 455 Ita,
1849 382 2022 459 quod
2049 383 2311 459 proprie

388 490 609 533 meum
654 478 772 546 est,
819 473 1119 542 laudasti,
1164 472 1338 548 quod
1379 472 1577 531 totius
1615 478 1880 532 senatus
1928 476 2047 546 est,
2092 489 2314 548 repre-

388 562 691 622 hendisti.
728 563 889 621 Nam
932 561 1430 639 comprehensio
1475 561 1764 620 sontium
1809 579 1978 632 mea,
2023 562 2319 621 animad-

385 653 597 740 versqio
664 657 927 711 senatus
978 651 1119 709 suit.
1191 652 1398 709 Homo
1450 651 1731 709 disertus
1783 668 1914 710 non
1967 650 2314 726 intellegit,

391 758 565 814 eum,
600 757 796 817 quem
824 743 1048 799 contra
1080 737 1256 812 dicit,
1304 738 1552 797 laudari
1586 757 1621 798 a
1647 756 1737 810 se,
1773 757 1909 813 e03‚
1944 739 2112 817 apud
2149 757 2322 816 quos

393 830 571 901 dicit,
596 830 968 905 vituperari.

479 921 570 977 19.
622 920 766 979 ,Iam
808 918 969 977 illud
1015 917 1201 995 cujus
1251 921 1372 989 est,
1418 905 1547 976 non
1599 918 1742 977 dico
1784 918 2072 978 audaciae
2115 917 2327 995 (cupit

318 1076 322 1080 ,
364 1008 575 1072 enim
602 1025 669 1067 se
701 1007 1061 1085 audacem),
1094 1006 1229 1078 sed,
1278 1007 1451 1083 quod
1495 1007 1765 1067 minime
1808 1008 1964 1080 vult,
2002 1009 2320 1081 stultitiam

399 1114 525 1174 qua
554 1096 757 1155 vincit
778 1113 1030 1167 omneS,
1065 1096 1210 1154 clivi
1235 1096 1614 1171 Capitolini¹
1650 1096 2052 1156 mentionem
2086 1096 2320 1166 facere,

400 1203 548 1246 cum
606 1184 771 1244 inter
827 1184 1140 1244 subsellia
1167 1184 1189 1218 ²
1231 1190 1454 1242 nostra
1505 1190 1843 1244 versentur
1878 1185 2130 1258 armati,
2171 1203 2321 1245 cum

400 1277 468 1334 in
495 1275 616 1334 hac
651 1275 815 1334 cella
846 1274 1216 1333 Concordiae
1240 1275 1283 1345 ³,
1330 1273 1415 1332 dii
1461 1272 1897 1336 immortales!
1928 1274 1995 1333 in
2027 1292 2179 1351 qua,
2220 1293 2326 1333 me

401 1364 691 1436 consule,
749 1363 1065 1422 salutares
1121 1362 1456 1423 sententiae
1507 1361 1693 1422 dictae
1744 1367 1917 1433 sunt,
1965 1362 2203 1439 quibus
2245 1364 2325 1422 ad

381 1453 568 1512 'hanc
618 1451 790 1511 diem
835 1450 1142 1522 viximUS,
1194 1468 1345 1510 cum
1392 1449 1625 1526 gladiis
1673 1448 1973 1510 homines
2024 1450 2325 1511 collocati

402 1542 613 1601 stent?
656 1528 905 1599 Accusa
945 1544 1264 1607 senatum,
1314 1556 1548 1599 accusa
1585 1546 1956 1615 equestrem
1999 1540 2324 1613 ordinem,

401 1629 680 1705 quitum
732 1645 882 1687 cum
933 1631 1160 1688 senatu
1210 1625 1589 1703 copulatus*
1622 1626 1776 1699 fuit3
1821 1645 2054 1689 accusa
2094 1645 2328 1688 omnes

403 1717 662 1777 ordines
687 1715 730 1786 ⁵,
775 1733 1003 1775 omnes
1044 1717 1241 1790 civeS‚
1305 1715 1460 1774 dum
1516 1716 1881 1790 confiteare,
1931 1717 2106 1777 hunc
2157 1718 2332 1777 ordi-

403 1819 553 1866 nem
611 1806 735 1866 hoc
795 1806 936 1881 ipso
990 1810 1283 1882 tempore
1350 1804 1428 1863 ab
1499 1804 1788 1882 Ityraeis⁶⁴
1832 1805 2325 1864 circumsederi.

405 1897 550 1954 Haec
585 1899 651 1954 tu
683 1911 815 1953 non
845 1899 1109 1972 propter
1138 1892 1478 1952 audaciam
1509 1893 1669 1952 dicis
1712 1897 1843 1952 tam
1886 1893 2326 1970 impudenter.

406 1982 520 2045 sed
576 1984 685 2061 qui
739 1987 983 2043 tantam
1056 1999 1277 2043 rerum
1342 1982 1833 2059 repugnantiam
1891 1998 2024 2042 non
2079 1982 2324 2056 videas,

405 2073 568 2133 nihil
601 2074 889 2151 profecto
915 2074 1108 2149 sapis,
1147 2072 1311 2144 Quid
1350 2076 1450 2130 est
1476 2072 1651 2130 enim
1675 2071 2066 2144 dementius,
2103 2089 2324 2149 quam,

407 2181 556 2224 cum
592 2164 686 2223 rei
727 2164 1006 2240 publicae
1048 2162 1415 2240 perniciosa
1445 2178 1626 2220 arma
1667 2161 1804 2238 ipse
1843 2162 2118 2238 ceperiS‚
2168 2161 2331 2237 obji-

408 2271 552 2313 cere
585 2252 767 2313 alteri
801 2252 1150 2311 salutaria?

487 2344 585 2401 020.
635 2343 713 2400 At
760 2343 955 2400 etiam
1008 2340 1291 2416 quodam
1337 2340 1483 2401 loco
1540 2340 1785 2401 facetus
1846 2358 1991 2400 esse
2037 2340 2329 2401 voluisti.

409 2432 609 2503 Quam
643 2431 703 2490 id
759 2435 841 2503 te,
890 2430 978 2489 dii
1037 2430 1211 2501 boni,
1265 2448 1397 2489 non
1442 2428 1738 2490 decebat!
1787 2431 1858 2488 In
1900 2447 2027 2506 quo
2081 2434 2179 2489 est
2222 2434 2335 2488 tua

408 2522 599 2597 culpa
628 2538 762 2579 non
800 2520 1002 2579 nulla.
1056 2518 1315 2596 Aliquid
1348 2518 1523 2578 enim
1570 2520 1726 2579 salis
1759 2537 1794 2577 a
1833 2519 2035 2578 mima
2063 2520 2081 2552 Ἴ
2129 2536 2335 2578 uxore

462 2676 504 2717 1,
535 2674 649 2713 Plio-i
672 2672 934 2724 ('11prtolc‘ni.
959 2671 1073 2713 Yoil·
1100 2671 1145 2712 la
1164 2673 1272 2713 note
1292 2672 1315 2713 1
1476 2669 1521 2713 6.
1558 2670 1751 2722 Myrmix.
1775 2671 1961 2713 Somni-03
1995 2681 2077 2724 par
2111 2668 2337 2723 Ρῡῐῐιβέθ,

406 2729 463 2771 de
489 2729 534 2770 la
564 2738 607 2779 p.
634 2724 728 2768 387.
1424 2734 1485 2766 en
1504 2724 1572 2773 64.
1597 2725 1666 2766 les
1689 2723 1916 2778 Ityrecns,
1948 2724 2028 2777 qui
2064 2724 2337 2767 habitaient

456 2780 498 2823 2.
527 2780 765 2821 Subxvllia.
790 2780 906 2820 Voir
929 2778 974 2821 la
994 2781 1103 2820 note
1130 2776 1156 2819 3
1183 2778 1239 2819 de
1270 2778 1317 2819 la
1426 2779 1469 2819 la
1505 2778 1805 2830 Coele-Syrie.
1870 2778 1893 2818 a
1933 2777 2033 2819 l'est
2060 2777 2123 2819 du
2155 2777 2334 2824 Liban.

412 2846 452 2889 p.
478 2834 569 2877 267.
1428 2831 1775 2874 four-nissaient
1803 2829 2108 2873 d'excellents
2139 2830 2339 2872 archers

460 2892 505 2931 3,
544 2887 671 2927 Cella
713 2884 986 2927 (sonem-diae.
1033 2884 1316 2927 L'interieur
1427 2897 1521 2926 aux
1564 2882 1748 2927 armt³es
1804 2884 2059 2926 romaines.
2096 2884 2182 2926 Ces
2234 2885 2340 2927 bai·-

406 2942 467 2984 du
513 2941 684 2993 temple
733 2936 790 2981 de
833 2939 881 2981 la
919 2938 1174 2985 Conrorde,
1219 2949 1315 2979 non
1426 2939 1563 2980 hares
1588 2937 1766 2981 etaient
1798 2939 1866 2980 les
1888 2938 2170 2991 janissaires
2199 2937 2338 2979 d'An·

407 2996 616 3048 compris
639 2994 682 3035 le
702 2994 922 3046 portique
944 2996 987 3035 et
1005 2993 1045 3033 le
1101 2989 1312 3044 eristylc.
1428 2993 1576 3035 toine.

409 3050 522 3090 Voir
547 3048 592 3090 la
624 3049 734 3089 note
758 3045 781 3088 4
806 3046 862 3088 de
887 3046 932 3088 la
954 3058 995 3099 p.
1028 3044 1053 3087 3
1082 3045 1126 3087 5.
1478 3048 1520 3087 7.
1543 3045 1707 3087 Mima.
1749 3045 1817 3086 La
1844 3043 2152 3087 comedienne
2175 3043 2341 3086 Cvthe-

461 3102 504 3143 4.
539 3101 802 3153 Copiolatus.
845 3099 1100 3141 L'alliance
1149 3099 1315 3140 intime
1426 3100 1514 3146 ris,
1561 3098 1809 3141 matti-esse
1855 3098 2120 3140 d‘Antoine.
2155 3087 2341 3139 Affran-

408 3155 474 3196 du
504 3152 649 3196 senat
669 3154 714 3196 et
738 3152 822 3194 des
848 3152 1131 3200 chevaliers,
1155 3154 1240 3194 but
1259 3151 1316 3193 de
1427 3153 1530 3195 chie
1542 3152 1599 3194 de
1613 3152 1901 3194 Volumnius
1915 3151 2220 3204 Eutrapelus,
2248 3151 2341 3193 elle

412 3211 538 3251 toute
559 3207 607 3250 la
639 3207 847 3249 carriere
907 3206 1107 3270 olitique
1161 3205 1217 3248 de
1247 3205 1319 3245 Ci-
1429 3217 1478 3249 se
1521 3206 1756 3247 nommait
1785 3205 2060 3247 Volumnia.
2102 3204 2165 3246 Le
2267 3203 2341 3247 ete

412 3262 575 3308 ceron,
607 3271 665 3303 ne
707 3260 780 3302 fut
805 3270 949 3313 guire
997 3258 1196 3303 realisee
1227 3268 1318 3312 que
1430 3261 1477 3301 C.
1514 3260 1759 3301 Cornelius
1823 3258 1990 3301 Gallus
2049 3256 2191 3301 l'acel
2225 3256 2338 3300 bree

413 3326 528 3357 sous
547 3325 629 3356 son
646 3313 867 3356 consulat
897 3324 1066 3366 parses
1080 3312 1242 3355 efforts
1273 3315 1321 3354 et.
1431 3323 1489 3355 cn
1527 3314 1695 3366 quatre
1734 3313 1878 3354 livres
1906 3310 2136 3352 d'Amor-es
2156 3322 2273 3353 sous
2299 3312 2341 3353 le

447 3370 552 3410 race
576 3367 598 3408 a
619 3369 860 3409 latex-reui-
884 3378 975 3421 que
990 3368 1179 3410 causait
1204 3367 1326 3408 Cati·
1432 3377 1543 3408 nom
1573 3366 1836 3419 deLycoris
1860 3380 1870 3414 3
1897 3365 1985 3407 elle
2008 3364 2050 3406 le
2076 3365 2250 3418 quitta,
2282 3376 2338 3406 en

415 3380 531 3463 lina.
557 3422 672 3461 Voir
698 3420 744 3461 la
765 3422 904 3461 uotcl
942 3420 998 3463 de
1021 3421 1066 3463 la
1096 3431 1144 3474 p.
1176 3417 1269 3462 318.
1432 3418 1500 3467 37,
1517 3429 1633 3473 pour
1646 3420 1804 3461 suivre
1825 3429 1884 3461 en
1905 3417 2058 3460 Gaule
2080 3429 2144 3460 un
2158 3417 2341 3460 officior

470 3475 510 3515 5.
537 3472 746 3516 Ordines.
775 3474 890 3514 Voir
915 3472 964 3515 la
997 3478 1104 3518 note
1127 3473 1155 3517 2
1182 3473 1239 3515 de
1278 3473 1328 3516 la
1434 3474 1490 3515 de
1546 3471 1736 3516 l‘armee
1784 3472 2053 3527 d'Agrippa.
2112 3472 2224 3513 Voir
2295 3472 2339 3513 la

425 3537 473 3576 ι).
503 3524 596 3568 364.
621 3550 668 3557 -
691 3524 820 3565 Heme
840 3525 1055 3568 ordinem.
1079 3528 1142 3570 Le
1164 3525 1324 3569 senat.
1434 3525 1640 3566 Dioeiame
1666 3524 1869 3579 Εῃῖοριιθ
1899 3523 1955 3568 de
1987 3524 2187 3575 Virgile.
