2570 4026
432 390 461 420 «
500 382 560 425 m
590 382 654 425 M.
689 380 999 426 amomum
1024 377 1241 423 ORATIO
1271 374 1601 419 PHILIPPICA
1634 373 1859 420 nEcmA
1891 383 1919 415 ›>
2018 362 2130 419 507
2160 411 2169 430 ,

200 519 489 599 experti.
542 521 598 576 9.
649 518 1110 594 Exspectatum‘
1153 514 1349 591 igitur
1394 515 1655 588 tempus
1710 518 1753 569 a'
1780 511 1973 571 Bruto
2014 514 2130 571 est.

218 607 378 665 Nam
406 605 617 683 quoad
649 623 765 664 vos
794 604 1013 664 omnia
1054 602 1188 678 pati
1222 599 1402 686 vidit,
1438 615 1600 657 usus
1629 603 1726 658 est
1757 600 1894 675 ipse
1933 600 2136 658 incre-

217 693 397 756 dibili
450 694 776 770 patientia.
835 694 1262 767 Posteaquam
1289 704 1405 746 vos
1435 687 1512 746 ad
1542 687 1904 748 libertatem
1932 689 2136 748 sensit

214 788 486 855 erectoS‚
523 782 822 859 praesidia
846 787 1075 841 vestrae
1104 778 1387 837 libertati
1414 778 1686 853 paravit.

294 873 372 930 At
410 873 512 932 cui
543 873 707 949 pesti
738 878 777 946 ¹,
836 875 1222 949 quantaeque
1267 866 1536 926 restitit!
1583 866 1647 925 Si
1693 869 1866 926 enim
1900 868 1961 928 C.
2011 868 2133 938 An-

213 963 454 1035 toniUS‚
507 960 680 1038 quod
732 962 947 1021 animo
1007 958 1391 1040 intenderat,
1446 956 1754 1032 perficere
1812 959 2132 1035 potuisset

212 1052 554 1128 (potuisset
582 1055 821 1123 autem,
854 1049 1155 1126 nisi'ejus
1196 1046 1425 1107 sceleri
1451 1045 1654 1104 virtus
1688 1047 1766 1104 M.
1804 1047 1979 1105 Bruti
2022 1046 2131 1105 ob-

213 1140 533 1215 stitisset),
559 1139 996 1198 Macedoniam
1025 1140 1068 1213 ²,
1090 1138 1443 1215 Illyricum,
1479 1134 1789 1195 Graeciam
1818 1135 2130 1213 perdidis-

213 1245 470 1301 semus;
524 1232 696 1289 esset
741 1228 842 1287 vel
895 1226 1376 1305 receptaculum
1431 1223 1619 1299 pulso
1672 1226 1970 1296 Antonio,
2029 1225 2128 1284 vel

212 1334 405 1396 agger
443 1317 889 1394 oppugnandae
933 1316 1127 1376 Italiae
1170 1315 1428 1385 Gracia3
1470 1312 1622 1388 ‘quae-
1652 1315 1913 1391 quidem
1954 1331 2128 1373 nunc

212 1408 287 1465 M.
336 1408 510 1466 Bruti
560 1408 857 1484 imperiO,
910 1406 1313 1478 auctoritate,
1368 1403 1575 1479 copiis
1626 1422 1757 1463 non
1813 1405 2129 1465 instructa

213 1496 450 1569 solum,
509 1498 620 1557 sed
667 1498 861 1556 etiam
912 1501 1155 1568 ornata,
1216 1494 1420 1554 tendit
1479 1492 1850 1557 dexteram3
1904 1494 2121 1565 Italiae,

212 1603 534 1662 suumque
571 1586 628 1645 ei
675 1584 1047 1662 praesidium
1083 1583 1449 1662 pollicetur.
1495 1584 1699 1657 Quod,
1744 1585 1852 1660 qui
1898 1583 1977 1641 ab
2014 1583 2124 1641 illo

210 1674 472 1734 abducit
520 1675 903 1747 exercitum,
957 1678 1019 1733 et
1064 1679 1433 1751 respectum
1484 1674 2022 1753 pulcherrimum,
2064 1675 2127 1730 et
2186 1684 2209 1690 ”

208 1764 584 1841 praesidium
610 1764 1064 1823 firmissimum
1090 1761 1320 1822 adimit
1342 1763 1436 1826 rei
1466 1763 1765 1842 publicae.
1811 1762 1906 1820 10.
1939 1761 2127 1837 Equi·
2178 1827 2179 1830 Ἴ

208 1852 357 1913 dem
390 1854 602 1930 cupio,
642 1854 779 1912 haec
810 1870 1004 1929 quam
1046 1853 1332 1930 primum
1370 1854 1728 1914 Antonium
1766 1850 2011 1923 audire,
2056 1853 2126 1908 ut

208 1942 556 2021 intellegat,
596 1959 724 2002 non
755 1941 826 2000 D.
857 1942 1150 2016 Brutum,
1188 1958 1384 2019 quem
1425 1944 1591 2002 vallo
1625 1938 2119 2012 circumsedeat‚

206 2033 320 2093 sed
354 2050 422 2092 se
456 2034 674 2110 ipsum
708 2032 1013 2118 obsideri.

277 2156 490 2221 Brutus
519 2166 607 2220 est
638 2165 796 2221 aussi
829 2165 1051 2219 devoue
1090 2165 1126 2220 a
1163 2163 1222 2220 la
1253 2164 1621 2236 Republique
1653 2162 2005 2236 qu'Antoine
2035 2160 2119 2216 lui

205 2250 295 2301 est
320 2246 553 2300 hostile.
589 2245 634 2299 Il
663 2262 697 2300 a
729 2246 995 2316 toujours
1024 2245 1132 2299 fait
1157 2250 1281 2300 tout
1310 2262 1375 2300 ce
1409 2245 1549 2315 qu'il
1581 2263 1614 2300 a
1641 2262 1720 2316 pu
1763 2261 1913 2316 pour
1939 2243 2121 2297 eviter

128 2335 135 2342 '
203 2327 263 2381 la
302 2342 510 2399 guerre
556 2325 724 2380 civile
768 2326 984 2397 (v-vn).
1021 2325 1097 2380 La
1139 2330 1304 2380 vei-tu
1336 2326 1406 2380 de
1450 2328 1661 2380 Brutus
1700 2325 1965 2395 s'oppose
2003 2324 2035 2377 a
2063 2323 2121 2377 la

200 2407 522 2478 perversite
558 2406 869 2461 d'Antoine
913 2405 1173 2476 (vm-m).
1219 2405 1292 2460 Le
1324 2405 1593 2461 discours
1625 2422 1685 2459 se
1728 2405 1980 2459 termine
2013 2419 2120 2473 par

198 2485 257 2541 le
290 2488 484 2559 projet
523 2483 664 2540 d'un
697 2485 1230 2540 senatus-consulte
1272 2486 1373 2557 qui
1411 2486 1695 2542 confirme
1733 2486 1943 2540 Brutus
1974 2484 2118 2538 dans

201 2582 313 2621 son
344 2565 877 2622 commendement.

311 2728 541 2785 Texte
594 2726 690 2784 du
726 2691 975 2797 projet‘
1023 2728 1111 2784 de
1154 2726 1832 2788 senatus-consulte
1874 2728 1999 2798 qui

199 2817 545 2879 confir-me
612 2816 891 2875 Brutus
947 2816 1138 2874 dans
1197 2829 1332 2874 son
1390 2819 2015 2875 commandement
2073 2819 2112 2869 ¹.

285 2970 439 3030 XI...
471 2971 567 3028 25.
617 2969 767 3040 Quae
794 2986 944 3028 cum
984 2970 1071 3029 ita
1109 2970 1259 3043 sint,
1291 2970 1464 3047 quod
1497 2972 1559 3030 (3.
1603 2972 1828 3046 Pansa,
1861 2970 2110 3043 consul,

196 3062 395 3121 verba
425 3060 577 3119 fecit
607 3058 682 3118 de
715 3058 968 3132 litteris,
1013 3076 1152 3134 quae
1188 3077 1223 3117 a
1266 3059 1335 3130 Q.
1367 3060 1660 3137 Caepione
1692 3061 1886 3120 Bruto
1912 3058 1954 3134 ⁵,
2000 3078 2115 3138 pro

195 3223 440 3267 comment
489 3218 683 3261 Ciceron
760 3218 978 3272 explique
1034 3216 1103 3261 les
1266 3218 1307 3263 3.
1348 3218 1507 3261 Tendit
1551 3218 1796 3261 ‹ierem-am.
1837 3219 1959 3264 C'est
2005 3220 2115 3264 l'ex-

196 3286 372 3321 causes
398 3275 453 3316 de
486 3283 570 3314 son
597 3275 755 3314 retour
781 3272 808 3314 a
830 3273 995 3313 Rome.
1213 3274 1429 3326 pression
1472 3275 1714 3326 francaise
1773 3291 1790 3311 «
1852 3274 2012 3317 tendre
2070 3277 2116 3318 la

249 3329 290 3373 1.
327 3327 468 3370 Festi.
520 3326 635 3367 Voir
693 3324 740 3366 la
768 3329 872 3368 note
907 3325 933 3368 ὃ
974 3324 1029 3367 de
1058 3327 1106 3368 la
1211 3327 1404 3368 main».

192 3397 238 3439 p.
267 3382 361 3426 295.
1263 3379 1302 3423 [ι.
1330 3381 1613 3424 voirlanotc
1633 3380 1657 3424 1
1679 3380 1733 3424 de
1760 3381 1808 3424 la
1828 3392 1877 3434 p.
1902 3380 1995 3424 503.
2022 3382 2112 3424 Les

248 3437 290 3480 2.
314 3433 648 3476 Macedoniam.
689 3433 808 3475 Sans
831 3433 1022 3479 Brutus,
1056 3432 1103 3474 la
1212 3433 1334 3475 doux
1368 3435 1516 3476 textos
1553 3437 1634 3475 ont
1674 3435 1722 3477 la
1752 3437 1904 3477 memo
1940 3436 2113 3488 impor-

193 3489 498 3537 Macedoine,
529 3485 718 3540 l'lllyrie
766 3489 809 3528 et
843 3486 890 3527 la
939 3485 1101 3534 (il-ece,
1214 3491 1351 3528 tance
1373 3488 1654 3541 historique.

193 3543 403 3599 perdues
433 3552 552 3595 pour
592 3539 633 3582 le
670 3540 790 3592 parti
822 3539 877 3582 de
909 3538 1097 3586 roi-dre,
1267 3539 1312 3582 ὅ.
1336 3540 1373 3580 Α
1402 3542 1450 3589 Q.
1485 3541 1691 3593 Caepione
1726 3540 1879 3583 Bruto,
1921 3541 2022 3582 Fils
2055 3541 2111 3584 dc

193 3598 404 3642 sei-aient
426 3589 634 3637 tombees
666 3604 725 3635 au
741 3593 941 3646 pouvoir
966 3591 1104 3634 d’An-
1213 3594 1280 3635 M.
1310 3595 1483 3637 ,Junius
1527 3595 1701 3636 Brutus
1727 3596 1772 3637 et
1813 3595 1870 3636 de
1892 3596 2108 3643 Servilia,

193 3654 339 3695 toine.
1216 3644 1383 3700 adopte
1427 3659 1511 3701 par
1563 3658 1648 3689 son
1692 3648 1827 3690 oncle
1878 3649 2109 3691 maternal
