2570 4026
609 312 658 370 ι’
695 335 724 364 «
761 329 931 371 Aeno
973 328 1242 372 SECUNDA
1289 327 1348 369 m
1394 327 1446 369 0.
1498 325 1743 368 VERREM
1778 331 1806 359 »
2056 308 2159 366 161

257 467 431 523 esset
499 463 743 523 exteris
819 464 1150 540 gentibus¹
1199 463 1544 540 imperare,
1597 440 1735 520 sola
1766 458 1890 519 fuit
1941 476 2016 518 ea
2047 455 2170 518 fide

262 553 860 630 benevolentiaqueu
900 571 1052 632 erga
1097 552 1416 631 populum
1473 550 1859 622 Romanum,
1900 553 1981 631 ¹ut
2017 549 2172 609 civi-

262 645 424 702 tates
452 642 597 720 eJus
626 642 883 714 insulae‚
915 660 1055 719 quae
1111 641 1314 701 semel
1370 641 1435 699 in
1480 639 1830 721 amicitiam
1884 642 2173 698 nostram

261 732 614 806 venissent,
696 749 1033 809 nunquam
1114 734 1340 809 postea
1425 729 1792 801 deficerent,
1850 729 2173 805 pleraeque

263 826 505 895 autem,
588 825 651 882 et
717 822 998 881 maxime
1057 821 1341 880 illustres
1400 820 1466 879 in
1522 818 1806 879 amicitia
1864 818 2173 895 perpetuo

262 914 619 971 manerent.
656 912 715 971 3.
742 912 964 987 Itaque
998 910 1358 987 majoribus
1389 908 1632 968 nostris
1674 908 1742 967 in
1785 906 2065 967 Africam
2096 923 2176 966 ex

262 997 383 1058 hac
412 999 747 1077 provincia
765 999 1003 1075 gradus
1035 999 1056 1033 ²
1089 998 1346 1075 imperii
1373 996 1581 1056 factus
1607 999 1736 1068 est;
1764 1011 1974 1072 neque
2003 994 2175 1054 enim

263 1091 397 1147 tam
423 1087 612 1149 facile
641 1104 798 1166 opes
828 1087 1232 1163 Carthaginis
1292 1090 1484 1146 tantae
1539 1084 2001 1156 concidissent,
2047 1083 2174 1141 nisi

263 1176 425 1236 illud
456 1182 518 1237 et
544 1179 638 1237 rei
670 1176 1107 1237 frumentariae
1146 1175 1518 1235 subsidium
1570 1178 1632 1235 et
1692 1172 2174 1251 receptaculum

262 1265 584 1325 classibus
612 1266 855 1326 nostris
884 1267 1185 1343 pateret²³.
1972 1288 1979 1293 ¹

343 1381 420 1440 II.
451 1381 661 1453 Quare
688 1383 758 1442 P.
787 1381 1125 1442 Africanus
1147 1380 1193 1454 ³⁹,
1229 1381 1608 1458 Carthagine
1650 1380 1882 1452 deleta,
1931 1379 2175 1439 Siculo-

266 1471 480 1530 lorum
531 1472 729 1530 urbes
778 1471 996 1545 signis
1044 1471 1684 1548 monumentisqueff-
1719 1468 2175 1547 pulcherrimis

265 1561 617 1632 exornavit,
660 1563 752 1631 ut,
796 1578 959 1637 quos
996 1560 1267 1620 victoria
1311 1560 1530 1638 populi
1576 1559 1848 1618 Romani
1892 1556 2175 1618 maxime

261 1650 464 1717 laetari
507 1649 958 1721 arbitrabatur,
1012 1649 1183 1726 apud
1216 1665 1349 1711 ,eos
1409 1651 1833 1708 monumenta
1891 1647 2175 1706 victoriae

265 1738 547 1817 plurima
581 1735 952 1798 collocaret.
985 1743 1040 1797 4.
1075 1738 1362 1814 Denique
1391 1737 1496 1796 ille
1529 1738 1671 1814 ipse
1695 1738 1773 1795 M.
1810 1735 2176 1796 Marcellus⁶

262 1826 451 1904 cujus
478 1828 545 1887 in
576 1827 796 1887 Sicilia
827 1829 1132 1887 virtutem
1161 1828 1411 1899 hostes,-
1441 1826 1959 1886 misericordiam
1997 1826 2173 1893 victi,

262 1916 457 1977 fidem
487 1918 686 1979 ceteri
717 1917 917 1977 Siculi
953 1918 1440 1995 perspexerunt,
1475 1933 1607 1976 non
1647 1914 2084 1975 solumsociis
2111 1916 2178 1975 in

263 2023 339 2066 eo
391 2006 563 2067 bello
597 2005 960 2078 consuluit,
994 2024 1220 2066 verum
1269 2005 1466 2066 etiam
1511 2005 1830 2082 superatis
1879 2004 2177 2065 hostibus

260 2097 670 2174 temperavit.
716 2097 952 2156 Urbem
1001 2096 1532 2175 pulcherrimam,
1594 2096 1970 2173 Syracusae,
2038 2113 2177 2173 quae

261 2203 413 2246 cum
448 2204 649 2245 manu
691 2186 1132 2247 munitissima
1158 2189 1352 2257 esset,
1386 2189 1526 2244 tum
1557 2184 1685 2245 loci
1713 2189 1963 2257 natura,
2008 2189 2178 2244 terra

261 2292 335 2335 ac
379 2275 545 2335 mari
600 2269 1025 2348 clauderetur,
1084 2292 1235 2336 cum
1297 2275 1360 2334 vi
1410 2273 1809 2352 consilioque
1873 2275 2174 2351 cepisset,

258 2380 392 2422 non
426 2363 642 2423 solum
674 2363 1071 2424 incolumem
1103 2380 1338 2442 passus
1384 2366 1483 2423 est
1535 2379 1700 2435 esse,
1754 2364 1866 2423 sed
1903 2363 1991 2422 ita
2034 2365 2179 2423 reli-

261 2453 403 2530 quit
431 2457 749 2525 ornatam,
793 2457 864 2512 ut
898 2457 1071 2512 esset
1110 2453 1282 2513 idem
1329 2456 1828 2512 monumentum
1867 2453 2173 2526 victoriae,

259 2542 808 2624 mansuevtudiniS,
833 2542 1284 2621 {continentiam
1329 2559 1480 2602 cum
1522 2539 1823 2602 homines
1862 2541 2174 2615 viderent,

314 2714 355 2754 1.
382 2710 572 2753 Eaet‘eris
608 2711 826 2764 yentibua.
853 2711 969 2753 Voir
993 2711 1040 2753 la
1063 2713 1170 2753 note
1279 2714 1554 2752 monument-3
1602 2710 1657 2753 de
1701 2711 1804 2753 l’art
1846 2711 1928 2765 qui
1967 2714 2075 2754 sont
2111 2713 2180 2754 les

259 2766 287 2810 5
311 2766 368 2808 de
392 2765 438 2807 la
461 2776 582 2820 page
609 2763 702 2807 124.
1280 2765 1504 2806 souvenirs
1526 2764 1581 2806 de
1607 2765 1653 2806 la
1672 2765 1884 2808 victoire.
1899 2764 1958 2807 Ce
1977 2766 2082 2807 sont
2102 2776 2180 2807 ces

315 2820 357 2859 2.
383 2818 579 2862 Gradus.
604 2819 673 2860 La
698 2818 902 2872 position
925 2818 1045 2861 forte
1066 2817 1171 2860 d'ou
1279 2822 1560 2859 monumenta
1593 2819 1637 2860 et
1667 2828 1745 2861 ces
1783 2819 1916 2871 siqua
1948 2818 2129 2860 donnes
2155 2819 2183 2860 a

261 2875 416 2915 Rome
436 2874 522 2926 put
546 2868 742 2914 s‘elever
764 2871 853 2914 ala
877 2872 1181 2914 domination·
1281 2871 1329 2913 la
1359 2871 1500 2913 Sicile
1535 2882 1621 2924 par
1650 2871 1898 2913 l'Africain
1933 2882 2023 2925 que
2059 2868 2184 2914 Cice-

262 2926 320 2969 de
342 2925 590 2979 l'AIrique.
614 2924 947 2987 L’expression
983 2935 1172 2978 prover-
1281 2935 1384 2972 ron,
1403 2925 1523 2966 dans
1552 2925 1595 2967 18
1614 2924 1678 2966 De
1699 2924 1871 2978 Siquis,
1898 2926 2183 2979 reprochera

263 2980 389 3021 biale
415 2978 468 3020 cle
489 2977 639 3030 ‚qnadu
664 2977 799 3032 dejici
819 2978 901 3031 (De
926 2978 1113 3033 Officiis,
1132 2980 1169 3019 Ι.
1284 2976 1312 3019 a
1340 2977 1513 3020 Verres
1530 2976 1708 3020 d'avoir
1733 2977 1878 3021 voles.

263 3042 404 3080 xxm,
427 3034 507 3074 80:
537 3032 595 3074 de
622 3032 772 3087 gradu
806 3031 964 3085 dejici,
983 3033 1034 3074 ut
1058 3032 1172 3074 dici-
1334 3032 1375 3071 6.
1398 3031 1464 3072 Μ.
1488 3031 1735 3072 Marcellus
1759 3031 1994 3086 s'empara
2014 3043 2071 3075 en
2086 3034 2181 3080 ⁴212,

266 3086 360 3138 tur)
385 3083 577 3138 signifie
615 3087 714 3128 etre
739 3081 983 3139 debusque
1022 3085 1078 3127 de
1119 3096 1173 3127 sa
1282 3084 1420 3138 apres
1447 3086 1562 3126 trois
1589 3096 1677 3126 ans
1716 3084 1772 3127 de
1811 3084 1955 3133 siene,
1979 3089 2118 3140 grace
2157 3087 2181 3127 a

261 3140 488 3193 position.
1284 3150 1339 3180 sa
1363 3139 1530 3180 valeur
1566 3141 1610 3181 et
1636 3138 1663 3180 a
1698 3150 1783 3181 son
1824 3118 2030 3182 habilete
2059 3140 2118 3190 (vi
2141 3145 2185 3180 et

317 3193 359 3233 3.
381 3192 586 3234 Pateret.
633 3193 701 3233 La
744 3191 1032 3246 grammaire
1062 3203 1174 3234 vou-
1284 3192 1495 3245 insse-nio),
1524 3192 1579 3234 de
1601 3192 1853 3245 Syracuse,
1878 3191 2077 3235 fortifie'e
2098 3204 2184 3246 par

262 3245 393 3288 drait
431 3246 673 3299 patuisset.
721 3246 814 3287 Par
863 3244 1065 3297 l'emploi
1115 3245 1171 3287 de
1282 3244 1329 3286 la
1350 3247 1520 3287 nature
1547 3248 1592 3288 et
1616 3256 1701 3298 par
1727 3247 1774 3287 la
1798 3246 1928 3288 main
1947 3246 2028 3288 des
2056 3247 2185 3289 hom-

263 3299 560 3361 l'imparfait‚
592 3299 792 3342 Ciceron
840 3299 1037 3351 indique
1081 3310 1172 3351 que
1283 3308 1401 3348 mes,
1425 3299 1720 3351 imprenable
1737 3298 1800 3341 du
1818 3296 1917 3341 0018
1939 3300 1994 3342 (18
2016 3300 2062 3343 la
2082 3311 2182 3343 mer

265 3353 314 3395 la
334 3353 474 3395 Sicile
502 3363 531 3394 a
556 3351 771 3405 toujours
797 3349 866 3395 e'te
898 3355 942 3394 et
977 3354 1048 3394 est
1074 3355 1171 3394 tou-
1281 3353 1326 3393 et
1350 3352 1413 3394 du
1448 3349 1549 3394 cote
1574 3352 1630 3395 de
1671 3352 1717 3394 la
1743 3354 1879 3394 terre.
1902 3376 1952 3383 —
1989 3354 2057 3395 On
2091 3356 2183 3396 sait

264 3406 399 3459 jours
442 3406 484 3449 18
531 3406 719 3460 grenier
771 3405 826 3448 de
852 3407 1002 3447 Rome
1032 3408 1077 3448 et
1101 3417 1166 3448 un
1278 3404 1643 3499 gu'Archimede
1668 3406 1742 3448 sut
1765 3402 1840 3447 tue
1859 3404 1886 3447 a
1906 3407 1952 3448 la
1985 3408 2098 3449 irise
2125 3408 2181 3448 de

267 3462 370 3512 port
390 3457 540 3501 d'abri
563 3469 682 3512 pour
705 3469 780 3500 ses
800 3459 968 3501 flottes.
1312 3469 1528 3507 vracuse,
1575 3455 1755 3512 malgre
1794 3459 1862 3501 les
1914 3471 1966 3502 or
2002 3471 2076 3502 res
2125 3461 2180 3502 de

322 3515 359 3554 4.
382 3511 705 3566 RAs'ricanuS.
729 3513 842 3554 Voir
859 3513 905 3554 la
931 3514 1037 3554 note
1062 3513 1084 3552 1
1111 3513 1166 3554 de
1278 3501 1537 3553 Marcellus
1564 3512 1645 3564 qui
1674 3512 1806 3554 avait
1845 3512 2179 3555 recommaude

267 3567 314 3608 la
338 3576 461 3659 1111ᾳῦ
477 3567 572 3607 128.
679 3618 686 3625 ·
1279 3563 1308 3606 a
1333 3576 1410 3607 ses
1441 3565 1619 3626 soldats
1645 3563 1923 3619 d'epargner
1952 3567 1994 3609 le
2029 3566 2179 3619 grand

320 3621 361 3659 5.
404 3645 421 3658 1
460 3621 789 3670 onumentzsque
831 3620 1031 3672 (moneo).
1071 3619 1163 3663 Les
1278 3620 1598 3661 savant.V01r
1618 3628 1736 3672 page
1757 3618 1823 3659 11.
