2570 4026
426 290 546 361 432
636 317 746 361 DES
791 316 1075 361 DISCOURS
1118 317 1519 361 CONSULAIRES
1563 317 1683 362 AUX
1727 317 2137 368 PHILIPPIQUES

425 454 672 513 tionem
699 453 838 529 ipse
865 452 1067 523 solus),
1103 452 1297 512 etiam
1325 451 1545 511 invitis
1576 452 1727 524 illis,
1766 453 2177 530 gubernaret,
2222 456 2363 513 tota

425 547 497 602 ut
554 542 819 602 comitia
870 542 1032 616 suis,
1093 545 1165 601 ut
1218 541 1570 614 dictitabat,
1629 540 1920 601 humeris
1975 542 2353 603 sustineret.

425 632 831 693 Convocabat
849 631 1080 701 tribuS,
1117 647 1185 690 se
1215 631 1687 708 interponebat,
1723 631 2038 691 Collinam
2062 632 2078 664 ¹
2114 648 2356 690 novam

422 720 675 781 delectu
701 719 1298 799 perditissimorum
1326 719 1567 780 civium
1592 719 2061 780 conscribebat.
2101 719 2355 790 Quanto

419 810 526 870 ille
558 811 742 888 plura
779 810 1118 881 miscebat,
1155 813 1336 869 tanto
1367 809 1472 868 hic
1505 810 1717 886 magis
1749 809 1817 868 in
1843 809 1979 869 dies
2013 810 2355 869 convales—

419 899 625 959 cebat.
659 899 779 959 Ubi
809 898 971 958 vidit
1000 898 1198 957 homo
1242 899 1321 958 ad
1356 916 1549 957 omne
1593 899 1845 958 facinus
1893 897 2353 974 paratissimus

422 988 855 1059 fortissimum
919 987 1154 1060 virum,
1207 987 1740 1046 inimicissimum
1792 1004 2010 1060 suurn,
2058 987 2355 1047 certissi-

418 1095 601 1138 mum
639 1077 1001 1144 consulem,
1054 1077 1250 1152 idque
1301 1076 1614 1136 intellexit
1670 1094 1803 1136 non
1847 1076 2061 1135 solum
2104 1093 2354 1136 sermo—

418 1166 636 1240 nibus,
669 1165 783 1226 sed
813 1165 1008 1226 etiam
1043 1166 1369 1243 suffragiis
1406 1165 1645 1243 populi'
1663 1166 1936 1225 Romani
1985 1182 2154 1244 saepe
2203 1184 2352 1227 esse

418 1253 841 1327 declaratum,
878 1255 1089 1331 palam
1120 1272 1305 1331 agere
1339 1255 1534 1332 coepit
1565 1259 1627 1314 et
1651 1259 1868 1331 aperte
1913 1254 2125 1315 dicere
2176 1257 2320 1316 occi
2341 1291 2357 1302 ·

419 1344 707 1404 dendum
749 1343 1075 1404 Milonem.
1121 1346 1226 1403 26.
1276 1343 1511 1404 Servos
1561 1349 1843 1420 agrestes
1905 1349 1967 1404 et
2016 1345 2352 1415 barbaros,

418 1434 658 1509 quibus
689 1434 897 1493 silvas
909 1433 1206 1510 publicas
1237 1432 1670 1510 depopulatus
1704 1439 1859 1510 erat,
1894 1434 2353 1511 Etruriamque

419 1528 699 1596 vexarat,
735 1542 811 1583 ex
845 1523 1182 1600 Apennino
1210 1522 1588 1595 deduxerat,
1632 1540 1798 1599 quos
1828 1522 2166 1583 videbatiS.
2223 1525 2353 1585 Res

416 1617 553 1673 erat
583 1612 850 1671 minime
882 1613 1193 1672 obscura.-
1219 1613 1472 1671 Etenim
1506 1612 1719 1689 palam
1751 1613 2082 1672 dictitabat
2112 1629 2354 1673 consu-

414 1702 617 1762 latum
660 1702 881 1761 Miloni
939 1702 1100 1780 eripi
1148 1720 1277 1762 non
1334 1718 1551 1779 posse,
1586 1702 1782 1761 vitam
1826 1718 2040 1778 posse.
2084 1702 2352 1778 Signifi-

413 1791 582 1850 cavit
601 1791 726 1850 hoc
747 1808 918 1868 saepe
940 1791 1005 1853 in
1032 1795 1281 1864 senatu,
1301 1790 1462 1850 dixit
1484 1792 1505 1825 2
1528 1792 1593 1850 in
1614 1791 1936 1851 contione.
1954 1791 2120 1861 Quin
2147 1792 2350 1852 etiam

416 1880 492 1938 M.
527 1876 808 1940 Favonio
833 1881 876 1951 ³,
911 1880 1272 1940 fortissimo
1307 1880 1468 1954 vir0,
1500 1881 1811 1957 quaerenti
1835 1898 1912 1940 ex
1941 1896 2041 1954 e0,
2068 1897 2194 1956 qua
2227 1898 2348 1958 spe

415 1969 655 2030 fureret
686 1969 917 2030 Milone
942 1970 1114 2043 viVO,
1144 1967 1500 2047 respondit,
1538 1970 1751 2030 triduo
1795 1969 2003 2042 illum,
2040 1973 2350 2030 autsum-

415 2077 597 2119 mum
629 2060 994 2136 quatriduo,
1026 2076 1168 2120 esse
1201 2060 1585 2137 periturum.
1615 2061 1819 2130 Quam
1843 2076 2068 2119 vocem
2097 2059 2239 2135 ejus
2264 2060 2348 2119 ad

415 2149 590 2210 hunc
621 2151 699 2209 M.
731 2151 1037 2210 Catonem
1068 2150 1285 2209 statim
1320 2150 1639 2209 Favonius
1671 2149 1919 2209 detulit.

492 2284 566 2344 X.
601 2285 699 2342 27.
735 2284 997 2344 Interim
1031 2301 1182 2343 cum
1216 2283 1409 2344 sciret
1440 2284 1698 2344 Clodius
1727 2281 1962 2363 (neque
1994 2282 2166 2342 enim
2204 2289 2350 2344 erat

415 2370 676 2433 difficile
692 2372 751 2432 id
769 2372 983 2452 scire),
1000 2374 1121 2433 iter
1133 2373 1475 2445 sollemne,
1491 2373 1878 2449 legitimum,
1895 2372 2347 2433 necessarium

415 2464 559 2521 ante
590 2461 763 2521 diem
793 2479 906 2521 xm
927 2462 1243 2521 Kalendas
1278 2462 1659 2522 Februarias
1689 2462 1905 2521 Miloni
1952 2478 2096 2521 esse
2134 2463 2348 2521 Lanu-

415 2552 592 2611 vium
634 2550 711 2610 ad
751 2552 1124 2612 flaminem⁴
1181 2551 1607 2628 prodendum,
1654 2552 1825 2629 quod
1878 2556 2014 2611 erat
2066 2551 2347 2612 dictator

413 2732 1079 2844 52e¹¹13¹²13³t⁶5323t50¹3¹e³3³⁹
1093 2737 1317 2831 {lgm
1430 2734 1622 2842 atti&
1642 2733 1892 2831 ἑῖξῖξξηέεῗζ
1906 2735 2342 2842 αξᾶἒέξῧὲἔίῗξαέἒ

414 2842 593 2904 Scipio,
646 2843 762 2885 dont
823 2822 1046 2896 Po'mpee,
1095 2843 1210 2885 veut
1259 2841 1318 2885 de
1432 2842 1464 2883 il
1486 2840 1545 2883 l'a
1574 2842 1642 2884 dit
1670 2843 1930 2884 nettement
2333 2822 2344 2839 ’

412 2896 559 2946 Julie,
586 2895 681 2940 fille
707 2893 1109 2945 deCesar,venait
1129 2894 1319 2948 d'epou-
1482 2894 1521 2937 3.
1545 2895 1617 2936 M.
1645 2895 1858 2936 Favonio.
1892 2895 2128 2944 Sto'icien‚
2166 2897 2263 2937 ami
2292 2899 2344 2939 et

416 2959 491 2991 ser
516 2949 565 2993 la
592 2949 686 2993 fille
712 2949 942 2992 Cornelie.
1430 2948 1723 2991 admirateur
1743 2948 1800 2991 de
1813 2949 1973 2998 caton,
1993 2947 2341 3002 preteurenw,

468 3005 512 3044 1.
552 3003 790 3045 Colle’nam.
814 3004 880 3044 La
905 3004 1012 3056 plus
1034 3000 1220 3045 decriee
1236 3002 1319 3044 des
1430 3003 1693 3055 prosoritet
1719 3002 1796 3045 tue
1817 3013 1874 3045 en
1896 3001 1961 3045 43.

447 3058 585 3099 uatre
616 3056 770 3099 tribus
794 3057 1022 3099 urbaines
1062 3055 1317 3103 Suburana,
1483 3054 1524 3098 4.
1552 3055 1820 3097 Flaminem.
1865 3057 1976 3098 Voir
2001 3055 2049 3098 la
2087 3056 2198 3099 note
2230 3054 2249 3099 1
2283 3057 2347 3099 de

434 3108 646 3158 ’alatimb
676 3108 934 3157 Εδτιιίίῖηα,
959 3108 1039 3151 Col
1061 3109 1173 3158 inm)
1204 3107 1319 3151 etait
1430 3108 1477 3150 la
1498 3119 1541 3162 p.
1568 3108 1646 3151 373
1695 3109 1758 3152 Le
1783 3108 2064 3168 flaminede
2089 3107 2208 3150 limo
2231 3111 2348 3151 Sos-

409 3161 457 3203 la
478 3163 618 3204 tribus
664 3124 861 3205 Collina.
894 3164 966 3204 En
987 3161 1319 3216 embrigadant
1423 3162 1539 3214 pita,
1562 3158 1724 3204 deesse
1754 3163 1834 3216 qui
1860 3161 2098 3216 posscdait
2130 3173 2194 3204 un
2225 3166 2343 3206 tem-

408 3214 479 3256 les
500 3215 713 3270 citoyens
742 3216 809 3258 les
840 3215 950 3268 plus
982 3211 1317 3258 deconsideres
1429 3215 1504 3268 ple
1525 3215 1571 3258 et
1596 3227 1660 3257 un
1699 3216 1801 3257 bois
1828 3212 1962 3258 sacre
1993 3215 2018 3255 ἐι
2041 3217 2344 3264 Lanuvium.

404 3266 613 3321 (delectu)
641 3268 832 3310 Clodius
862 3269 1055 3311 formait
1074 3279 1167 3310 une
1202 3280 1317 3312 nou·
1425 3269 1586 3312 vieille
1608 3268 1720 3311 ville
1744 3269 1806 3310 clu
1829 3268 2221 3318 Latium‚devait
2241 3272 2347 3316 etre

406 3322 705 3364 velle'tribns
742 3322 935 3371 Collina,
994 3324 1101 3364 race
1133 3321 1157 3363 ἐι
1180 3322 1229 3363 la
1253 3322 1317 3365 loi
1428 3321 1621 3365 installe
1663 3320 1877 3375 (prodet-c
1910 3336 1918 3364 z
1952 3323 2054 3364 voit·
2088 3323 2135 3364 la
2174 3326 2288 3367 note
2319 3323 2345 3368 4

405 3374 518 3428 q'uil
551 3371 856 3469 avait—portee
877 3386 935 3418 en
983 3374 1022 3424 8,
1041 3374 1094 3417 de
1114 3376 1241 3426 colle!
1261 3377 1316 3416 iis
1428 3376 1483 3418 tle
1522 3376 1570 3418 la
1621 3386 1739 3429 page
1764 3374 1861 3426 373)
1891 3386 1976 3429 par
2023 3375 2066 3418 le
2097 3375 2347 3421 dietatem·

412 3435 639 3481 (groupes
677 3440 700 3470 e
724 3429 968 3482 ectoraux)
998 3429 1233 3470 restituens
1251 3430 1308 3470 is.
1425 3428 1481 3471 de
1505 3429 1790 3478 Lanuvium,
1836 3429 2043 3482 premier
2084 3431 2350 3484 magistrat

404 3482 519 3523 voir
548 3482 595 3523 la
618 3483 727 3524 note
747 3481 771 3525 1
800 3482 927 3525 dela
956 3493 1000 3536 p.
1022 3480 1088 3525 47.
1425 3482 1688 3535 municip-al
1735 3482 1850 3525 dont
1891 3481 1959 3525 les
2008 3478 2346 3537 prerogatives

459 3532 499 3574 2.
526 3533 661 3592 siqui
682 3536 815 3594 ‘cavit
835 3549 848 3574 .·
883 3546 945 3577 au
976 3535 1140 3583 senat,
1181 3535 1312 3579 favo-
1423 3536 1704 3589 religieuses
1726 3532 1902 3581 etaient
1920 3535 2068 3578 celles
2090 3535 2154 3578 du
2179 3536 2348 3578 Ponte·—

406 3585 534 3627 rable
556 3597 584 3626 a
679 3587 799 3635 ilon,
839 3588 868 3630 il
901 3588 962 3630 l‘a
993 3588 1147 3632 donne
1178 3588 1205 3630 a
1234 3600 1314 3631 en·
1420 3587 1500 3641 fea·
1519 3589 1749 3630 Maximus
1770 3589 1796 3632 3
1826 3590 1995 3632 Rome.
