2570 4026
393 302 513 360 468
1043 341 1046 344 ¹
1073 316 1177 360 LEs
1223 316 1632 367 PHILIPPIQUES

471 453 630 511 XXI.
679 451 963 529 Accipite
1016 469 1214 525 nunc,
1262 468 1511 528 quaeSO,
1565 469 1699 512 non
1739 469 1834 525 ea,
1872 468 2014 529 quae
2058 452 2200 528 ipse
2248 451 2316 511 in

391 558 459 601 se
487 547 678 618 atque
706 541 775 600 in
801 540 1238 600 domesticum
1276 538 1518 600 decus¹
1550 540 1805 617 impure
1853 544 2045 616 atque
2085 540 2318 599 intem-

385 635 709 708 peranter,
777 630 894 690 sed
946 648 1086 707 quae
1143 629 1207 689 in
1258 622 1378 688 nos
1431 630 1857 706 fortunasque
1911 634 2200 700 nostrae,
2251 630 2317 689 id

375 724 488 778 est
544 720 609 778 in
657 719 1033 779 universam
1084 736 1224 798 rem
1271 719 1628 795 publicam,
1685 718 1881 795 impie
1946 734 2018 778 ac
2064 719 2317 777 nefarie

294 798 297 801 ⁴
385 807 650 868 fecerit:
709 809 787 868 ab
842 808 1041 884 hujus
1098 808 1271 866 enim
1327 808 1571 866 scelere
1633 808 1930 866 omniurn
1985 807 2316 868 malorum

383 896 777 976 principium
824 901 1050 956 natum
1089 896 1450 974 reperietis,
1495 898 1594 954 51.
1641 897 1825 969 Nam,
1861 913 2011 955 cum
2043 897 2107 954 L.
2147 898 2313 955 Len-

383 986 541 1059 tulo,
589 987 650 1045 C.
705 986 999 1054 Marcello
1047 985 1454 1058 consulibuS‚
1483 985 1793 1046 Kalendis
1832 985 2167 1045 Januariis
2218 985 2321 1044 la-

383 1075 645 1140 bentem
676 1081 740 1135 et
764 1093 964 1153 prope
998 1075 1335 1135 cadentem
1382 1092 1519 1133 rem
1562 1074 1891 1152 publicam
1936 1073 2171 1133 fulcire
2205 1092 2321 1134 cu-

382 1165 644 1240 peretiS,
679 1164 933 1241 ipsique
966 1165 1030 1224 C.
1068 1164 1325 1234 Caesari,
1353 1164 1414 1223 ⁴si
1449 1181 1607 1223 sana
1655 1169 1871 1223 mente
1917 1168 2111 1234 esset,
2160 1182 2318 1223 con-

385 1253 599 1312 sulere
614 1252 893 1328 velletis,
909 1258 1049 1312 tum
1069 1254 1192 1313 iste
1210 1252 1557 1314 venditum
1569 1257 1760 1328 atque
1784 1252 2273 1328 emancipatum
2294 1254 2317 1287 2

382 1342 785 1402 tribunatum
841 1342 1137 1403 consiliis
1193 1343 1433 1401 vestris
1496 1342 1822 1419 opposuit,
1896 1341 2319 1419 cervicesque

386 1448 536 1489 suas
563 1433 582 1465 ³
610 1432 670 1491 ei
705 1431 985 1509 subjecit
1015 1432 1253 1500 securi,
1293 1449 1421 1508 qua
1447 1432 1635 1490 multi
1666 1431 2034 1490 minoribus
2068 1431 2134 1489 in
2166 1449 2323 1508 pec-

384 1520 543 1579 catis
571 1520 968 1580 occiderunt.
1006 1521 1078 1579 In
1106 1524 1168 1579 te
1204 1523 1443 1588 autem,
1481 1522 1556 1579 M.
1585 1521 1845 1596 Antoni,
1877 1520 1940 1578 id
1983 1518 2317 1579 decrevit*

386 1613 672 1683 senatuS,
709 1615 769 1668 el
797 1609 1063 1685 quidem
1095 1609 1472 1683 incolumiS,
1500 1610 1795 1669 nondum
1828 1613 1924 1668 tot
1948 1609 2323 1670 luminibus

384 1698 745 1771 exstinctis,
781 1699 954 1775 quod
1003 1699 1068 1756 in
1117 1699 1375 1758 hostem
1417 1703 1712 1777 togatum
1760 1696 2021 1758 decerni
2071 1702 2171 1758 est
2212 1716 2325 1759 so—

383 1787 572 1847 litum
599 1781 780 1847 more
809 1788 1159 1864 majorum.
1196 1790 1270 1846 Et
1299 1792 1370 1847 tu
1413 1788 1583 1865 apud
1635 1792 1855 1864 patres
1907 1788 2326 1866 conscriptos

383 1880 607 1936 contra
654 1894 759 1937 me
811 1876 1021 1937 dicere
1078 1894 1277 1936 ausus
1313 1894 1405 1949 eS,
1444 1895 1595 1936 cum
1644 1877 1722 1937 ab
1758 1877 1885 1937 hoc
1924 1876 2150 1936 ordine
2197 1894 2321 1956 ego

384 1971 803 2027 conservator
825 1963 845 1997 ὅ
880 1983 1116 2039 essem,
1151 1970 1222 2026 tu
1251 1965 1463 2042 hostis
1496 1966 1590 2026 roi
1619 1966 1896 2044 publicae
1939 1966 2322 2043 judicatus?

387 2057 933 2117 Commemoratio
966 2056 1143 2115 illius
1174 2057 1269 2115 tui
1300 2056 1566 2116 sceleris
1601 2056 1974 2115 intermissa
2017 2060 2138 2125 est,
2181 2073 2321 2116 non

386 2146 702 2207 memoria
743 2146 974 2207 deleta.
1019 2148 1185 2205 Dum
1238 2164 1446 2223 genus
1491 2145 1857 2218 hominum,
1896 2144 2052 2206 dum
2085 2146 2319 2223 populi

388 2236 661 2295 Romani
691 2253 935 2295 nomen
967 2228 1245 2295 exstabit
1270 2233 1472 2314 (quod
1496 2234 1779 2311 ‘quidem
1814 2235 1952 2307 erit,
1994 2234 2048 2292 si
2091 2253 2207 2311 per
2250 2241 2316 2295 te

383 2324 624 2394 licebit,
665 2324 1137 2402 sempiternum
1166 2321 1237 2403 ⁵),
1290 2328 1400 2383 tua
1431 2323 1540 2383 illa
1579 2323 1888 2399 pestifera
1921 2323 2313 2384 intercessio

385 2414 850 2474 nominabitur.

388 2648 432 2693 p.
462 2635 560 2685 134,
586 2648 633 2680 n.
656 2635 696 2681 4.
720 2637 1054 2691 L‘expression
1093 2639 1165 2680 est
1199 2648 1292 2691 peu
1402 2636 1566 2733 {ruetis
1595 2650 1644 2678 cn
1664 2641 1727 2678 mc
1748 2635 1956 2680 abscidit.
1977 2660 2026 2670 —-
2050 2639 2114 2682 Le
2146 2641 2315 2696 siugu-

389 2694 527 2735 nette.
553 2692 624 2733 On
645 2703 671 2734 a
693 2688 892 2745 propose
907 2691 1114 2734 Curionis
1137 2692 1221 2740 tui,
1239 2702 1292 2734 ce
1423 2691 1492 2733 ier
1513 2693 1627 2744 estg
1658 2687 2317 2747 nei-alementemployedans

389 2747 470 2799 qui
499 2744 723 2799 s'cloigne
744 2745 800 2787 de
820 2745 867 2787 la
887 2745 1024 2788 lecon
1044 2743 1126 2787 des
1149 2756 1285 2792 mss,
1403 2745 1486 2786 des
1535 2746 1838 2797 expressions
1895 2746 2199 2790 semblables.
2232 2750 2310 2790 Cf.

389 2810 451 2841 ou
467 2799 707 2847 vitricitni,
721 2809 773 2841 ce
800 2799 881 2852 qui
904 2801 975 2841 est
995 2798 1291 2851 impossible,
1405 2798 1583 2846 Tacite,
1614 2798 1802 2848 Annal„
1849 2799 1886 2843 Ι,
1918 2811 2003 2840 Lm
2044 2813 2053 2839 :
2089 2802 2317 2843 Cer-vicem

391 2853 602 2906 puisque
638 2852 683 2895 le
709 2852 939 2905 patricien
967 2851 1019 2892 P.
1061 2852 1293 2894 Lentulus
1397 2851 1732 2903 percussoribus
1771 2851 1946 2892 obtulit.
1978 2875 2030 2883 -
2078 2851 2313 2904 Juvenal,

391 2907 514 2948 Sura
529 2905 606 2947 n’a
621 2917 706 2959 pas
718 2901 789 2948 ete
805 2905 966 2947 tribun
987 2904 1045 2946 de
1065 2905 1112 2947 la
1132 2903 1289 2958 plebe.
1405 2903 1505 2948 Sat.
1532 2905 1591 2953 X,
1610 2916 1652 2945 v.
1676 2904 1754 2959 345
1780 2917 1789 2943 z
1811 2904 2061 2946 Praebenda
2081 2908 2321 2959 estaladio

442 2960 483 3001 1.
511 2958 666 3000 Decus.
693 2959 962 3001 correction
997 2957 1053 3001 de
1083 2958 1294 3012 Madvig.
1397 2957 1590 3010 pulchra
1611 2958 1699 2998 haec
1718 2962 1762 2999 et
1780 2957 1975 2999 candida
1997 2960 2162 3001 cervioe.

391 3012 458 3054 La
477 3013 612 3063 lecon
636 3011 721 3055 des
743 3023 860 3054 mss.
889 3015 956 3054 est
981 3009 1185 3052 dedecus.
1458 3011 1497 3053 8.
1540 3011 1758 3055 Decrevit.
1807 3011 1871 3053 Le
1901 3008 2078 3062 decret,
2111 3011 2155 3056 le
2177 3011 2320 3057 sena-

441 3065 481 3108 2.
505 3065 696 3106 Emanci
727 3070 865 3109 atum.
896 3065 1010 3107 Voir
1056 3065 1108 3106 la
1137 3066 1245 3107 note
1268 3064 1293 3107 4
1406 3064 1724 3107 tus-consulte
1779 3063 1978 3113 (videant
2025 3067 2231 3109 consules
2262 3082 2319 3110 ne

390 3119 446 3161 de
473 3119 520 3161 la
552 3129 598 3171 p.
625 3117 675 3162 37
709 3150 718 3159 .
1404 3116 1513 3171 quid
1541 3116 1797 3160 detrimenti
1835 3130 1906 3158 ree
1934 3118 2109 3171 publica
2131 3122 2319 3174 capiat)

442 3171 485 3215 3.
508 3173 790 3225 cervicesque
830 3184 950 3212 suas.
994 3172 1292 3226 Remarquer
1404 3171 1484 3224 qui
1508 3169 1662 3214 donne
1684 3181 1779 3213 aux
1800 3171 1994 3213 consuls
2024 3172 2067 3215 le
2096 3171 2226 3216 droit
2257 3175 2318 3217 de.

389 3225 592 3279 l'emploi
620 3225 831 3268 familier
877 3236 963 3278 par
996 3222 1192 3268 ciceron
1234 3225 1291 3267 de
1404 3224 1476 3266 vie
1520 3227 1565 3267 et
1602 3224 1658 3267 de
1713 3226 1836 3266 mort
1875 3235 1959 3266 sur
2001 3225 2068 3267 les
2097 3228 2317 3280 citoyens

387 3290 441 3327 ce
489 3282 586 3321 mot
632 3291 695 3321 au
743 3279 931 3333 pluriel.
990 3278 1083 3319 Pro
1133 3278 1291 3320 Roscio
1402 3279 1636 3321 romains.
1684 3278 1800 3319 Voir
1845 3277 1891 3320 la
1925 3280 2035 3321 note
2085 3278 2109 3322 4
2159 3279 2218 3323 de
2264 3281 2313 3325 la

387 3333 614 3380 Amerino,
628 3344 693 3381 xl,
707 3330 758 3375 30
777 3347 786 3372 z
806 3333 964 3374 Utrum
974 3332 1104 3373 malit
1120 3331 1166 3372 T.
1180 3332 1290 3373 Bos·
1401 3341 1446 3384 p.
1467 3330 1565 3375 295.

387 3387 454 3426 cio
490 3387 678 3428 cerve'ces
717 3385 840 3427 dare.
889 3408 942 3416 —
980 3385 1073 3425 Pro
1121 3385 1283 3434 Sestio,
1451 3382 1491 3428 4.
1511 3385 1825 3429 Con-serrator.
1851 3385 1967 3427 Voir
1999 3385 2049 3427 la
2067 3389 2178 3429 note
2202 3389 2224 3429 1
2250 3388 2310 3432 de

384 3449 502 3488 x1.t1‚
526 3438 577 3481 90
610 3453 619 3479 :
652 3439 712 3481 Ut
741 3439 889 3492 aliquo
907 3438 1120 3492 praesidio
1154 3443 1287 3492 caput
1396 3437 1506 3535 la5p.
1529 3436 1622 3480 317.

384 3496 427 3531 et
445 3493 682 3535 cervices...
732 3496 918 3534 tutetur.
940 3492 1064 3533 —In
1091 3493 1285 3542 Verrem,
1480 3524 1488 3533 .
1530 3492 1866 3546 sempiternum.
1920 3493 1985 3536 Le
2032 3493 2223 3548 Jupiter
2247 3495 2307 3538 de

383 3544 481 3595 (ΙΙ),
505 3547 559 3593 V,
583 3557 701 3595 xux,
730 3549 747 3587 1
757 3547 808 3588 ’10
831 3559 839 3584 ε
862 3545 1044 3599 Fransse
1072 3548 1279 3590 cervice&
1397 3545 1601 3589 l'Eneide
1623 3548 1682 3597 (Ι,
1704 3558 1748 3591 v.
1774 3545 1873 3600 278)
1893 3546 2031 3590 dira:
2063 3545 2305 3600 Imperium

381 3617 432 3627 --
458 3597 672 3652 Plaee'lz'pp.‚
713 3600 797 3647 XI,
843 3611 891 3648 11,
915 3601 940 3641 5
978 3613 989 3639 :
1033 3599 1284 3641 Cerricibns
1396 3600 1492 3641 sine
1510 3600 1598 3655 fine
1621 3597 1738 3641 decli.
