2570 4026
428 308 543 365 436
638 322 748 366 nus
791 321 1073 367 mscoons
1119 321 1515 368 consummes
1559 321 1684 366 on
1727 322 2135 374 Pfl1L11³P1ouus

11 513 38 526 .
92 438 223 477 ³
258 482 273 499 κ-
350 494 351 497 =
423 459 541 518 Ubi
565 475 737 517 nunc
770 462 1031 519 senatus
1054 463 1172 531 est,
1201 475 1396 537 quem
1426 459 1633 519 secuti
1663 459 1934 519 sumus?
1955 460 2064 519 ubi
2094 460 2359 537 equites

425 637 724 713 piorum?
781 638 890 697 ubi
946 638 1143 698 ltaliae
1205 639 1443 697 voces?
1500 637 1610 695 ubi
1669 637 1946 714 denique
2027 642 2135 697 tua
2195 637 2350 707 illa,

425 723 503 783 Μ,
535 724 720 796 Tulli,
757 743 899 801 quae
929 726 1232 802 plurimis
1266 726 1388 785 fuit
1425 725 1686 795 auxilio,
1723 743 1846 785 vox
1892 730 2079 803 atque
2129 725 2358 785 desen-

20 858 29 865 ,
328 890 333 893 .
425 812 565 871 sio?
597 813 835 873 Mihine
867 832 942 874 ea
975 815 1119 885 soli,
1153 815 1260 891 qui
1297 832 1411 892 pro
1448 818 1509 873 te
1551 814 1786 873 totiens
1828 815 2018 874 morti
2073 831 2175 874 me
2230 815 2355 874 ob-

425 901 564 974 tuli,
599 902 760 961 nihil
794 908 1008 979 potest
1037 904 1387 980 opitulari‘.>
1417 930 1445 957 »

504 1010 740 1069 XXXV.
789 1011 887 1069 95.
947 1014 1074 1071 Nec
1122 1028 1272 1071 vero
1329 1011 1488 1081 haec,
1540 1011 1819 1087 jndiceS,
1859 1016 1929 1070 ut
1985 1029 2103 1088 ego
2145 1029 2347 1081 nunc,

426 1099 607 1170 ssenS,
672 1098 783 1160 sed
835 1100 959 1159 hoc
1014 1101 1244 1160 eodem
1299 1101 1588 1177 loquitur
1636 1101 1835 1167 vultu,
1899 1119 2026 1177 quo
2087 1101 2347 1161 videtis.

422 1188 620 1265 Negat
651 1190 826 1248 enim
855 1206 945 1261 se,
980 1196 1170 1266 negat
1202 1191 1469 1267 ingratis
1501 1191 1748 1250 civibus
1784 1190 2015 1250 fecisse
2062 1208 2202 1267 quae
2258 1193 2355 1249 fe-

424 1278 603 1350 cerit,
656 1277 905 1338 timidis
955 1284 1018 1338 et
1063 1280 1280 1338 omnia
1327 1279 2002 1358 circumspicientibus
2060 1280 2355 1356 pericula

423 1383 555 1426 non
594 1371 809 1445 negat.
866 1369 1123 1428 Plebem
1177 1373 1241 1428 et
1290 1368 1578 1428 infimam
1622 1367 2128 1439 multitudinem,
2177 1386 2349 1444 quae,

426 1457 492 1514 P.
529 1456 746 1515 Clodio
771 1456 953 1525 duce,
992 1457 1268 1517 fortunis
1301 1457 1533 1517 vestris
1565 1457 1966 1525 imminebat,
2007 1472 2172 1533 eam,
2217 1475 2352 1534 quo

184 1532 191 1539 ’
264 1550 275 1563 ’
348 1604 355 1617 ,
425 1545 624 1604 tutior
695 1551 870 1605 esset
929 1551 1144 1606 vestra
1204 1547 1354 1618 vita,
1404 1564 1473 1606 se
1543 1546 1777 1607 fecisse
1847 1552 2349 1618 commemorat,

424 1637 497 1693 ut
525 1652 654 1695 non
687 1635 882 1694 modo
924 1636 1157 1696 virtute
1207 1636 1514 1706 flecteret,
1565 1635 1679 1695 sed
1722 1635 2164 1695 etiam'tribus
2206 1636 2353 1696 suis

425 1723 875 1801 patrimoniis²
919 1723 1240 1796 deliniret,
1300 1742 1419 1786 nec
1469 1726 1672 1795 timet,
1726 1742 1828 1787 ne,
1883 1743 2030 1785 cum
2089 1726 2351 1801 plebem

426 1813 803 1872 muneribus
830 1813 1116 1890 placarit,
1144 1831 1258 1872 vos
1280 1831 1417 1872 non
1446 1813 1808 1890 conciliarit
1838 1814 2085 1877 meritis
2116 1814 2183 1872 in
2204 1832 2350 1874 rem

426 1901 750 1979 publicam
770 1901 1233 1978 singularibus
1263 1901 1537 1962 Senatus
1558 1919 1709 1979 erga
1735 1920 1804 1962 se
1832 1902 2350 1962 benevolentiam

423 1990 825 2069 temporibus
876 1991 979 2051 his
1033 1991 1193 2069 ipsis
1232 2009 1404 2069 saepe
1436 2008 1579 2053 esse
1611 1997 2041 2069 perspectam,
2097 1997 2351 2053 vestras

426 2098 575 2140 vero
616 2084 680 2141 et
728 2085 1094 2141 vestrorum
1144 2081 1446 2142 ordinum
1497 2080 2050 2148 occursationes³,
2105 2082 2347 2152 studia,

426 2186 784 2240 sermoneS,
825 2186 1304 2247 quemcumque
1348 2187 1611 2230 cursum
1659 2171 1918 2230 fortuna
1960 2170 2228 2241 dederit,
2280 2191 2352 2231 se

426 2267 649 2310 secum
690 2250 1052 2311 ablaturum
1087 2268 1230 2311 esse
1263 2250 1440 2311 dicit.
1497 2253 1597 2311 96.
1648 2250 1937 2311 Meminit
1983 2251 2176 2311 etiam
2220 2252 2351 2312 sibi

425 2357 652 2399 vocem
684 2340 1002 2417 praeconis
1026 2336 1046 2370 ¹*
1081 2341 1276 2400 modo
1310 2339 1618 2412 defuisse,
1656 2358 1850 2423 quam
1877 2339 2145 2400 minime
2178 2340 2355 2401 desi-

426 2427 682 2499 derarit,
737 2429 957 2506 populi
1006 2446 1162 2502 ,vero
1222 2430 1475 2489 cunctis
1517 2429 1863 2505 suffragiiS‚
1918 2428 2091 2505 quod
2139 2448 2352 2492 unum

427 2517 722 2594 cupierit,
763 2536 829 2578 se
864 2520 1198 2578 consulem
1240 2518 1659 2577 declaratum.
1705 2519 1884 2578 Nunc
1936 2518 2235 2596 denique,
2289 2521 2348 2580 si

426 2607 562 2666 haec
594 2623 773 2670 arma
804 2612 1029 2667 contra
1059 2625 1129 2667 se
1161 2607 1292 2668 sint
1321 2606 1558 2679 futura,
1610 2606 1734 2666 sibi
1782 2607 2089 2667 facinoris
2134 2609 2352 2686 suspi-

478 2750 516 2790 1.
538 2746 735 2800 Equites
808 2748 1018 2789 Romani.
1084 2749 1146 2791 Le
1203 2748 1329 2802 parti

425 2799 641 2856 equestre
653 2802 827 2856 auquel
850 2800 1048 2846 ciceron
1061 2803 1332 2856 appartient

426 2867 509 2908 par
531 2867 584 2897 sa
607 2857 859 2900 naissance
880 2856 1134 2909 ,tumetpar
1156 2867 1240 2897 son
1254 2855 1330 2897 de-

424 2914 691 2953 vuuement.
715 2932 767 2940 —
783 2908 947 2951 Studia
974 2909 1324 2961 nmroicipiorum.

424 2963 488 3005 Le
506 2962 603 3006 zele
623 2962 706 3007 des
726 2963 996 3016 municipes
1016 2966 1062 3005 et
1079 2963 1136 3005 de
1157 2962 1328 3005 l'Italie

423 3015 601 3060 entiere
618 3017 700 3071 qui
726 3026 754 3058 a
773 3019 974 3058 soutenu
1001 3016 1067 3058 les
1088 3015 1248 3059 efforts
1271 3014 1327 3058 de

423 3069 573 3112 Milon
604 3081 723 3124 pour
769 3070 955 3113 obtenir
1003 3068 1043 3113 le
1083 3069 1248 3122 rappel
1269 3069 1327 3112 de

422 3122 636 3166 Ciceron.

475 3175 516 3219 2.
555 3176 710 3219 Tribus
757 3177 850 3218 suis
894 3176 1198 3228 patrimoniis.
1235 3175 1326 3219 Les

425 3231 540 3273 trois
570 3230 791 3274 foi-tunes
815 3230 871 3274 de
894 3240 980 3271 son
1006 3228 1116 3283 pere
1148 3230 1330 3283 Papius

427 3283 613 3330 Celsus.
671 3285 727 3328 de
775 3295 859 3326 son
907 3282 1015 3337 pere
1068 3283 1248 3337 adopiif
1285 3287 1333 3326 et

428 3336 557 3381 a'ieul
578 3339 833 3385 materuel,
881 3338 927 3378 C.
958 3337 1162 3385 Annius,
1189 3336 1245 3379 de
1274 3348 1331 3378 sa

428 3392 602 3434 femme
624 3391 805 3434 Fausta
825 3401 887 3433 ou
903 3390 959 3434 de
982 3400 1033 3432 sa
1055 3388 1198 3438 mere,
1214 3390 1328 3444 qu'il

427 3441 731 3496 adepense'es
755 3455 812 3487 en
851 3443 1089 3498 largesses
1124 3453 1245 3497 pour
1279 3454 1331 3487 se

426 3497 654 3538 concilior
697 3496 951 3547 (deliniret,
973 3496 1215 3550 placarit),
1246 3507 1332 3550 par

430 3561 505 3592 ses
532 3550 640 3591 'eux
660 3550 717 3593 de
742 3550 1031 3604 gladiateurs
1054 3550 1332 3601 (numm-Ibus

429 3602 503 3652 910
543 3602 749 3656 {aem-iis),
786 3602 835 3644 la
870 3602 1006 3657 plebe
1053 3599 1260 3647 devouee
1305 3603 1332 3645 il

1439 2721 1652 2796 clodius,
1692 2750 1738 2791 et
1764 2746 1866 2791 cela
1899 2747 2018 2790 dans
2048 2745 2253 2793 riute-et
2280 2750 2347 2794 dn

1437 2802 1559 2862 parti
1586 2802 1642 2844 de
1664 2801 1831 2845 l'ordre
1866 2804 1963 2843 tout
1992 2804 2143 2845 entier
2166 2805 2348 2858 auquel

1421 2854 1469 2895 'il
1515 2855 1624 2898 s'est
1661 2852 1864 2898 saci-iiie.
1894 2854 2090 2898 Cicer-on
2121 2858 2255 2899 avait
2281 2858 2350 2900 du

1436 2908 1620 2961 plaider
1640 2908 1693 2950 de
1714 2922 1799 2950 eft-e
1819 2907 1968 2950 alieno
1987 2908 2201 2955 Milonis.
2225 2911 2347 2954 voir

1440 2961 1893 3077 ρᾶἒθθῗῗὲινειιίὶομρε
1921 3017 2153 3071 (occurro).
2193 3017 2349 3060 L'em-

1439 3071 1823 3123 pressementqui
1837 3070 2065 3116 accueille
2087 3082 2154 3113 un
2175 3071 2345 3114 candi-

1438 3120 1519 3165 dat
1535 3122 1744 3176 pendant
1777 3121 1824 3164 la
1846 3123 2034 3177 periode
2065 3120 2344 3169 electorale.

1491 3175 1531 3219 4.
1572 3176 1724 3217 Vocem
1755 3178 1996 3228 pra-conis.
2044 3178 2196 3220 Milon
2231 3183 2349 3232 peut

1441 3240 1492 3271 se
1540 3228 1764 3283 regal-der
1794 3241 1977 3276 comme
2025 3231 2349 3276 moralement

1440 3282 1518 3325 elu
1543 3294 1603 3325 au
1635 3282 1881 3332 consulam
1905 3285 1935 3326 il
1968 3295 2027 3329 ne
2057 3285 2126 3327 lui
2146 3295 2177 3327 a
2207 3296 2345 3328 man-

1441 3335 1532 3389 que
1563 3347 1654 3391 que
1701 3335 1841 3379 d'etre
1880 3335 2119 3392 proclame
2171 3350 2260 3392 par
2303 3341 2351 3383 la

1440 3391 1550 3431 voix
1573 3390 1636 3433 du
1666 3385 1850 3436 beraut.
1874 3402 1925 3434 ce
1952 3392 2032 3445 qui
2068 3391 2146 3434 n'a
2183 3403 2249 3446 pu
2280 3395 2350 3447 ja-

1440 3443 1563 3485 mais
1593 3443 1726 3486 avoir
1755 3442 1873 3494 lieu,
1898 3456 2102 3499 1›u.sque
2140 3445 2211 3489 les
2249 3450 2350 3491 vio—

1440 3493 1600 3539 lences
1653 3494 1709 3539 de
1756 3496 1948 3541 Clodius
1986 3500 2069 3541 ont
2123 3500 2346 3553 toujours

1440 3548 1664 3646 eggplepfige
1702 3547 1934 3595 l‘election
1971 3551 2026 3596 de
2054 3551 2241 3595 donner
2280 3567 2348 3597 un
