2570 4026
751 299 825 345 n:
870 307 897 337 «
946 299 1058 344 Pno
1101 297 1252 344 LEGE
1297 299 1546 344 uAmuA
1594 308 1623 338 »
2027 284 2141 343 251

231 451 327 509 tas
350 452 458 508 aut
490 449 668 507 metu
697 446 977 517 relictas,
1011 449 1124 504 aut
1156 462 1192 503 a
1216 444 1632 521 praedonibus
1663 446 1883 522 captas
1913 442 2148 505 urbes¹

238 553 380 599 esse
411 552 762 597 soclorum.

312 698 395 753 En
424 697 618 752 meme
641 699 835 767 temps
866 710 978 766 que
1011 711 1109 750 ces
1133 681 1356 751 vertus⁸
1379 693 1695 749 militaires
1739 696 2018 751 attestees
2051 709 2159 767 par

253 794 334 833 un
380 776 648 851 glorieux
703 775 897 848 passe,
943 776 1200 847 Pompee
1244 773 1493 846 possede
1543 774 1847 846 beaucoup
1904 774 2158 833 d'autres

244 859 488 914 marites
526 857 628 928 qui
677 856 734 912 le
782 855 1096 929 designent
1140 858 1307 909 entre
1356 858 1534 910 tous:
1588 854 1629 908 il
1688 871 1722 910 a
1775 855 1834 911 la
1880 857 2157 912 modera-

246 939 390 1002 tion‚
443 936 825 1003 l'honnetete,
876 935 1244 1000 l'humanite‚
1304 935 1556 1006 qualites
1601 935 1701 1007 qui
1733 935 1862 990 font
1888 936 2076 992 aimer
2105 937 2160 993 le

249 1019 591 1090 vainqueur,
623 1016 942 1084 l'autorit6‚
967 1014 1067 1087 qui
1091 1020 1182 1070 est
1209 1014 1256 1069 si
1283 1014 1615 1071 necessaire
1648 1033 1723 1071 au
1753 1020 2164 1088 representant

248 1099 317 1154 de
349 1099 408 1153 la
438 1095 809 1169 Republique
841 1095 1110 1151 romaine
1142 1096 1358 1167 aupres
1389 1094 1493 1151 des
1519 1095 1640 1151 rois
1677 1097 1736 1151 et
1779 1096 1885 1151 des
1914 1097 2162 1168 peuples

248 1181 569 1251 etrangers.
604 1176 793 1244 Enssn,
828 1176 927 1231 ila
950 1173 1080 1249 joui
1106 1173 1345 1246 jusqu'a
1368 1175 1636 1247 present,
1668 1176 1818 1232 dans
1849 1180 2042 1232 toutes
2073 1195 2165 1233 ses

248 1255 626 1330 entrepriseS,
662 1257 802 1312 d'un
832 1253 1106 1311 bonhem*
1134 1255 1554 1338 remarqunable
1577 1255 1627 1310 ².

721 1503 820 1558 Le
858 1500 1193 1558 bonhem·
1229 1502 1322 1557 de
1358 1497 1690 1570 Pompee.

330 1682 485 1743 XVI.
541 1683 642 1741 47.
700 1681 1049 1758 Reliquum
1106 1681 1270 1753 estss,
1325 1684 1398 1739 ut
1452 1681 1530 1741 de
1591 1680 1919 1759 felicitate,
1977 1702 2174 1763 quam

254 1774 561 1850 praestare
588 1769 666 1831 de
699 1786 768 1829 se
800 1770 942 1847 ipso
972 1784 1167 1829 nemo
1199 1772 1436 1846 potest,
1478 1770 1860 1833 meminisse
1894 1778 1956 1834 et
1996 1792 2178 1835 com-

256 1877 622 1922 memorare
676 1858 755 1919 de
810 1858 1010 1919 altero
1070 1875 1451 1936 possumuS‚
1513 1859 1684 1920 sicut
1752 1880 2012 1940 aequum
2081 1869 2181 1923 est

255 1948 563 2009 homines
598 1946 675 2008 de
708 1949 1028 2027 potestate
1057 1945 1352 2023 deorum,
1387 1944 1612 2008 timide
1634 1949 1655 1983 ⁴
1679 1954 1740 2010 et
1773 1968 1982 2028 pauca
2012 1951 2180 2013 dica-

258 2057 430 2100 mus.
502 2039 631 2117 Ego
687 2037 861 2097 enim
921 2035 1017 2097 sic
1065 2035 1392 2110 existimO,
1455 2037 1799 2114 Maximo³⁵,
1856 2042 2175 2120 Marcello,

257 2128 569 2207 Scipioni,
598 2127 819 2199 Mario,
854 2130 918 2186 et
947 2127 1181 2186 ceteris
1205 2127 1459 2202 magnis
1492 2127 2017 2205 imperatoribus,
2048 2150 2179 2192 non

259 2218 473 2279 solum
505 2221 769 2295 propter
797 2217 1129 2285 virtutem,
1165 2215 1278 2275 sed
1307 2217 1503 2275 etiam
1535 2224 1796 2295 propter
1825 2220 2174 2296 fortunam,

260 2309 500 2387 saepius
540 2306 815 2384 imperia
861 2305 1164 2366 mandata
1201 2309 1397 2382 atque
1442 2309 1764 2367 exercitus
1812 2317 1957 2369 esse
2004 2328 2180 2371 com-

262 2398 527 2457 missos.
564 2396 707 2455 Fuit
735 2395 913 2455 enim
941 2395 1231 2474 profecto
1264 2395 1656 2470 quibusdam
1698 2399 1976 2460 summis
2021 2400 2180 2460 viris

265 2486 562 2564 quaedam
604 2485 682 2544 ad
732 2484 1231 2561 amplitudinem
1269 2487 1332 2542 et
1383 2482 1463 2543 ad
1497 2485 1794 2562 gloriam,
1842 2493 1906 2548 et
1951 2490 2030 2550 ad
2074 2507 2179 2550 res

262 2592 532 2655 magnas
563 2575 725 2636 bene
754 2572 1070 2652 gerendas
1097 2572 1410 2633 divinitus
1440 2573 1743 2652 adjuncta
1778 2577 2057 2640 fortuna.
2093 2578 2181 2640 De

267 2664 466 2742 hujus
525 2667 742 2725 autem
789 2662 1080 2722 hominis
1128 2661 1458 2739 felicitate,
1508 2665 1586 2724 de
1641 2683 1767 2743 quo
1822 2684 1997 2728 nunc
2052 2669 2183 2746 agi-

270 2771 452 2823 musJ,
520 2753 640 2813 hac
703 2758 847 2812 utar
913 2751 1363 2812 moderatione
1436 2752 1726 2830 dicendi,
1797 2774 1927 2816 non
1989 2763 2060 2818 ut
2120 2760 2187 2818 in

274 2842 452 2903 illius
492 2844 804 2919 potestate
855 2840 1186 2901 fortunam
1239 2841 1522 2916 positam
1580 2858 1724 2904 esse
1783 2845 2020 2919 dicam,
2077 2848 2191 2907 sed

274 2936 345 2997 ut
372 2931 693 3012 praeterita
722 2929 1128 3003 meminisse,
1148 2929 1403 3007 reliqua
1432 2946 1693 3009 sperare
1722 2934 2082 3010 videamur,
2109 2954 2191 2998 ne

328 3094 368 3134 1.
395 3094 413 3131 (
423 3093 565 3145 'aptas
583 3091 724 3133 urbe-s.
748 3089 1178 3151 Plutarquegeom-
1285 3091 1399 3133 vine
1429 3102 1511 3133 sur
1542 3092 1583 3134 le
1607 3093 1776 3136 mortel
1818 3094 1933 3139 dont
1970 3108 2030 3139 on
2062 3101 2192 3142 exal-

272 3149 370 3198 μρε,
427 3145 562 3197 xm)
611 3144 679 3187 dit
728 3153 821 3199 que
874 3145 944 3187 les
997 3146 1177 3198 pirates
1291 3145 1430 3187 terait
1460 3145 1505 3187 la
1532 3142 1731 3189 felicite.

278 3200 471 3242 avaient
498 3195 610 3252 pille
641 3199 750 3254 plus
779 3196 835 3241 de
864 3200 935 3239 '100
956 3196 1117 3240 villes.
1343 3197 1382 3239 5.
1417 3197 1635 3239 *litt-ximo.
1669 3202 1722 3249 Q.
1747 3201 1927 3245 Fabius
1954 3205 2198 3249 Maximus

330 3254 371 3294 2.
406 3253 519 3294 Voir
556 3251 605 3293 la
640 3254 749 3294 note
778 3254 804 3293 3
839 3251 897 3294 de
928 3250 976 3294 la
1004 3262 1048 3304 p.
1079 3252 1173 3292 217.
1289 3252 1562 3302 Cunctator,
1593 3248 1637 3295 le
1669 3255 1939 3309 vainqueur
1968 3258 2199 3302 d'Hanni-

330 3310 371 3347 3.
407 3304 633 3359 Reliquam
667 3310 749 3346 est.
784 3305 900 3348 C'est
936 3305 984 3346 la
1024 3305 1177 3347 meme
1289 3305 1406 3349 bal:
1451 3307 1513 3347 M.
1560 3306 1783 3349 Claudius
1822 3311 2099 3362 Marcellus,
2155 3315 2198 3357 le

282 3359 533 3402 transition
564 3368 656 3412 que
676 3357 833 3399 Restat
866 3363 963 3399 ut...
994 3358 1059 3411 (x,
1080 3359 1171 3410 ⁶27).
1288 3356 1587 3412 conquerant
1609 3358 1665 3402 de
1691 3362 1950 3414 Syracuse:
1975 3367 2190 3420 Scipion,

334 3416 373 3455 4.
414 3410 596 3454 Timide.
637 3411 827 3455 Comme
876 3412 917 3455 le
961 3412 1178 3454 bonheur
1289 3412 1333 3454 le
1359 3411 1660 3455 destructeur
1688 3413 1745 3456 de
1776 3416 2009 3471 Carthage
2048 3423 2094 3461 et
2131 3421 2188 3463 de

281 3468 412 3510 vient
432 3465 517 3509 des
545 3465 706 3512 dieux,
737 3465 769 3507 il
799 3466 904 3508 taut
931 3476 991 3508 en
1020 3464 1179 3519 parler
1291 3467 1570 3513 Numance;
1608 3468 1809 3517 Marius,
1845 3471 1887 3513 le
1926 3473 2196 3527 vainqneur

280 3529 397 3564 avec
416 3518 468 3562 La
486 3516 594 3572 plus
618 3517 795 3572 grande
825 3519 1027 3569 reservo,
1057 3518 1179 3561 dans
1290 3514 1348 3562 de
1381 3519 1634 3573 angui-tha,
1671 3520 1753 3564 des
1785 3524 2003 3567 Cimbres
2042 3531 2088 3569 et
2118 3527 2201 3571 des

284 3573 332 3618 la
354 3573 539 3617 crainte
565 3570 777 3614 d’attirer
807 3572 854 3615 la
880 3573 1086 3627 jalousie
1109 3572 1177 3614 di-
1291 3573 1517 3615 TeutouS.
