2570 4026
861 308 932 352 LE
977 314 1005 345 «
1040 308 1152 352 pao
1196 305 1488 352 ommno
1523 312 1552 342 »
1710 343 1717 350 .
2052 296 2167 355 277

247 445 572 512 CluentiuS,
614 444 859 500 Ciceron
908 443 1032 499 s'en
1077 458 1370 514 occupera
1412 441 1531 496 tres
1580 441 1975 513 rapidement.
2016 446 2062 500 Il
2110 463 2171 502 se

245 531 540 595 contente,
569 541 646 580 en
676 524 836 591 effet,
875 523 1151 590 d'etablir
1182 539 1257 578 en
1293 522 1585 594 quelques
1610 527 1765 577 mots
1807 540 1923 595 que
1957 525 2174 582 Cluen-

243 608 361 662 tius
409 606 628 662 n'avait
669 620 864 660 aucun
908 603 1085 658 motif
1123 604 1195 659 de
1244 619 1306 657 se
1368 602 1591 657 defaire
1646 599 2173 678 d'Oppianicus211

241 704 489 761 prome,
522 702 599 742 au
638 684 951 750 contraire,
991 701 1100 755 par
1138 700 1254 738 une
1301 682 1768 738 demonstration
1799 684 2168 756 irrefutable,

235 763 603 840 ‘que-Sassia
647 765 805 822 avait
852 781 934 820 un
990 764 1205 820 double
1258 763 1475 818 interet
1527 763 1560 818 a
1618 763 1766 819 faire
1820 765 2170 837 disparaitre

242 849 609 922 Oppianicus
640 851 699 902 et
733 845 767 902 a
796 845 944 900 faire
980 860 1357 917 soupconner
1377 843 1684 900 Cluentius
1704 843 1926 900 d’avoir
1948 849 2170 902 attente

227 930 278 985 -a
323 930 382 985 la
412 929 501 984 vie
533 929 605 983 de
642 932 736 983 cet
769 928 1029 981 homme.
1080 926 1232 981 C'est
1273 925 1329 979 le
1379 923 1634 994 complot
1674 924 1866 980 forme
1907 941 2016 997 par
2052 943 2170 983 une

239 1014 403 1066 mere
443 1010 766 1066 denaturee
803 1010 1007 1062 contre
1056 1023 1162 1061 son
1200 1020 1413 1077 propre
1458 1003 1551 1059 fils
1595 1022 1709 1075 que
1741 1005 1987 1061 l'avocat
2034 1025 2069 1063 a
2116 1008 2168 1063 le

243 1090 449 1146 devoir
500 1090 573 1144 de
626 1087 843 1143 rendre
889 1086 1222 1141 manifeste.
1279 1086 1358 1140 La
1404 1101 1626 1155 preuve
1678 1085 1783 1140 des
1831 1086 2045 1143 crimes
2097 1088 2169 1143 de

245 1168 438 1224 Sassia
469 1173 559 1224 est
586 1167 644 1223 la
673 1166 983 1222 meilleure
1007 1166 1404 1239 justification
1433 1164 1505 1219 de
1537 1164 1861 1221 Cluentius,
1897 1166 2170 1224 L'achar-

247 1254 493 1304 nement
536 1248 718 1319 impie
752 1248 824 1302 de
855 1253 1006 1303 cette
1038 1246 1257 1302 femme
1292 1250 1500 1301 contre
1542 1262 1650 1300 son
1691 1246 1784 1301 fils
1817 1253 1906 1302 est
1941 1264 2024 1304 un
2065 1249 2173 1306 fait

244 1329 315 1383 de
346 1329 641 1391 notoriete
681 1327 990 1399 publique.
1034 1327 1079 1382 ll
1117 1326 1455 1398 appartient
1487 1343 1603 1382 aux
1628 1327 1803 1398 Juges
1833 1328 2172 1386 d'arracher

242 1424 325 1463 un
373 1410 582 1465 accuse
638 1409 784 1464 dont
827 1407 1193 1463 l'innocence
1239 1412 1331 1462 est
1372 1406 1718 1462 demontree
1766 1424 1881 1480 aux¹
1928 1409 2167 1465 fureurs

243 1489 417 1546 d'une
462 1489 711 1561 megere.
758 1488 909 1543 C'est
946 1504 1010 1543 ce
1051 1504 1164 1558 que
1214 1487 1461 1542 Ciceron
1512 1487 1852 1543 demandait
1887 1495 1946 1544 et
1973 1489 2170 1546 devait

241 1569 474 1625 obtenir
525 1569 605 1624 du
648 1568 909 1623 tribunal
962 1568 1108 1623 dans
1160 1583 1278 1622 une
1327 1568 1679 1628 PiinonfflsoN
1721 1569 1893 1624 emue
1946 1570 2167 1641 (vanv

246 1650 398 1722 Lxxn)
424 1650 569 1704 dont
593 1649 744 1703 voici
776 1649 835 1704 la
860 1649 962 1703 fin.

758 1873 897 1930 Fin
934 1874 1024 1931 de
1063 1872 1143 1930 la
1178 1869 1645 1942 peroraison.

322 2064 528 2123 LXXI.
564 2063 746 2135 Quod
788 2063 840 2124 si
880 2080 1006 2140 qua
1038 2058 1379 2123 calamitas
1424 2063 1598 2124 hunc
1638 2064 1706 2123 in
1743 2064 1868 2125 hoc
1900 2064 2153 2143 judicio

245 2151 548 2213 afflixerit
594 2153 1030 2226 innocentem,
1076 2169 1158 2212 ne
1203 2152 1326 2212 iste
1371 2153 1593 2228 miser,
1631 2153 1908 2230 JudiceS,
1960 2155 2040 2228 si,
2095 2153 2159 2214 id

244 2240 417 2318 quod
460 2241 721 2302 difficile
766 2242 938 2302 factu
980 2245 1098 2315 est,
1147 2241 1215 2300 in
1264 2240 1395 2301 vita
1445 2243 1827 2316 remanebit,
1877 2260 2047 2320 saepe
2100 2248 2163 2304 et

244 2330 526 2391 multum
557 2335 883 2409 queretur,
920 2330 1405 2408 deprehensum
1445 2348 1592 2391 esse
1630 2331 1790 2391 illud
1831 2333 2160 2409 quondam

244 2420 694 2482 Fabricianum
721 2424 738 2456 ¹
774 2437 1123 2481 venenum.
1160 2419 1345 2491 Quod
1377 2421 1432 2480 si
1470 2425 1609 2481 tum
1639 2421 1992 2482 indicatum
2031 2440 2163 2482 non

243 2513 437 2583 esset,
472 2526 602 2568 non
630 2510 784 2570 huic
816 2509 1422 2570 aerumnosissim02
1453 2527 1777 2570 venenum
1811 2510 1971 2571 illud
2001 2511 2174 2571 fuis--

241 2603 361 2666 set,
407 2597 521 2658 sed
575 2599 935 2659 multorum
983 2596 1538 2658 medicamentum
1589 2616 1964 2660 maerorum.
2005 2603 2161 2660 Pos-

242 2689 450 2747 tremo
482 2688 677 2747 etiam
718 2687 1017 2748 fortassis
1058 2691 1264 2746 mater
1307 2688 1651 2765 exsequias
1690 2688 1864 2749 illius
1909 2689 2159 2749 funeris

239 2781 605 2853 prosecuta,
653 2781 934 2836 mortem
983 2792 1052 2836 se
1099 2775 1215 2834 filii
1257 2775 1480 2854 lugere
1527 2777 1922 2839 simulasset.
1976 2781 2159 2839 Nunc

236 2881 388 2924 vero
436 2866 591 2942 quid
645 2866 765 2925 erit
810 2865 1200 2944 profectum,
1248 2864 1379 2924 nisi
1430 2869 1501 2925 ut
1546 2865 1744 2944 hujus
1794 2885 1871 2929 ex
1924 2867 2159 2928 mediis

238 2953 468 3014 mortis
499 2954 755 3014 insidiis
772 2955 903 3015 vita
924 2954 1003 3014 ad
1033 2954 1283 3014 luctum
1307 2960 1710 3030 conservata,
1736 2975 1913 3017 mors
1947 2958 2160 3037 sepul-

239 3060 347 3103 cro
376 3044 577 3121 patris
607 3045 858 3121 privata
888 3061 1029 3103 esse
1059 3042 1396 3103 videatur?
1429 3045 1568 3103 202.
1604 3044 1769 3106 Satis
1804 3046 1916 3107 diu
1943 3047 2067 3107 fuit
2092 3048 2159 3106 in

240 3131 547 3204 miseriis,
572 3133 864 3209 judices3
901 3132 1058 3193 satis
1088 3131 1332 3192 multos
1365 3150 1572 3193 annos
1602 3150 1681 3194 ex
1714 3134 1956 3195 invidia
1986 3137 2159 3197 labo-

240 3221 428 3280 ravit.
459 3223 661 3281 Nemo
689 3221 841 3282 huic
867 3227 998 3282 tam
1031 3221 1317 3298 iniquuS,
1354 3227 1587 3298 praeter
1622 3229 1976 3300 parentem,
2014 3226 2157 3302 fuit,

242 3310 433 3387 cujus
453 3328 586 3370 non
609 3312 898 3371 animum
920 3311 1059 3389 jam
1084 3309 1417 3388 expletum
1441 3328 1585 3372 esse
1607 3319 1937 3391 put-emus·
1966 3318 2088 3376 Vos
2112 3317 2158 3387 ³,

294 3468 335 3513 1.
368 3469 485 3512 Voir
509 3468 557 3512 la
577 3472 686 3514 note
705 3470 731 3514 5
754 3470 812 3515 de
843 3471 888 3513 la
913 3481 956 3525 p.
982 3469 1082 3514 266.
1253 3470 1354 3512 tent
1396 3470 1465 3513 les
1511 3470 1721 3522 soldats;
1766 3485 2049 3521 aerumnosus,
2093 3484 2160 3516 un

293 3522 334 3566 2.
368 3523 785 3566 AErumnosissimo.
815 3525 1043 3566 AErnmna
1071 3521 1145 3567 de·
1255 3523 1445 3566 homme
1493 3525 1668 3579 charge
1744 3539 1796 3570 ar
1839 3528 1880 3570 le
1921 3526 2156 3570 malheur.

244 3577 382 3632 signe
410 3575 606 3643 d’abord
637 3576 683 3618 la
712 3579 890 3633 charge
920 3588 1011 3633 que
1041 3588 1146 3631 por·
1307 3575 1346 3618 3.
1375 3576 1699 3619 Vos.Cf.P1·ost
1725 3580 2159 3630 ilone,xxxvu,101.

1811 3674 1874 3724 16
