2570 4026
467 273 497 303 (ε
543 268 604 310 1N
635 233 701 311 u.
734 269 1046 312 iim-omum
1077 270 1300 313 oiimlo
1332 270 1663 314 rumetum
1696 270 1931 313 ocrAVA
1978 276 2006 306 »
2080 255 2197 311 499

291 400 468 479 quod
516 405 652 461 erat
694 402 891 462 ltaliae
941 402 1285 476 finitimuS‚
1318 407 1628 480 praeterea
1684 402 1943 462 nullum
1991 403 2200 463 nomi-

288 491 549 551 nabant.
577 492 849 552 Gravius
881 495 1098 552 autem
1120 492 1470 552 tumultum
1503 509 1671 565 esse,
1701 510 1897 569 quam
1928 492 2196 566 bellum,

290 579 765 658 hincintellegi
805 585 1033 658 potest,
1080 582 1249 659 quod
1295 581 1462 641 bello
1506 580 1913 642 vacationes¹
1957 581 2197 655 valent,

293 669 575 730 tumultu
628 688 761 729 non
790 671 1025 730 valent.
1056 670 1148 731 Ita
1189 671 1278 746 fit,
1310 688 1502 747 quem
1532 671 1610 731 ad
1642 671 1914 730 modum
1944 671 2095 744 dixi,
2132 676 2202 730 ut

291 758 534 820 bellum
576 760 714 820 sine
746 759 1036 820 tumultu
1065 761 1294 837 possit,
1325 760 1647 820 tumultus
1678 761 1818 819 sine
1861 759 2032 820 bello
2055 777 2200 821 esse

289 865 423 908 non
479 849 704 925 possit.
737 853 795 909 4.
836 850 1116 925 Etenim,
1153 867 1303 910 cum
1356 850 1521 910 inter
1570 849 1815 910 bellum
1876 852 1937 910 et
1977 867 2201 927 pacem

289 938 590 1008 medium¹
611 939 772 1000 nihil
806 941 912 1013 sit,
942 956 1211 1000 necesse
1240 944 1360 1013 est,
1395 939 1771 1012 tumultum,
1808 940 1863 999 si
1891 939 2044 1000 belli
2070 958 2203 999 non

290 1028 396 1100 sit,
430 1028 608 1104 pacis
649 1045 816 1089 6556.
846 1023 983 1100 Quo
1036 1029 1189 1107 quid
1236 1029 1582 1092 absurdius
1639 1029 1788 1100 dici,
1820 1032 1931 1088 aut
1983 1029 2203 1088 existi-

289 1117 454 1176 mari
488 1119 739 1193 potest?
769 1118 889 1178 Sed
924 1118 1120 1178 nimis
1164 1118 1370 1178 multa
1411 1118 1485 1180 de
1528 1119 1761 1191 verbo;
1797 1136 1934 1178 rem
1982 1119 2200 1195 potius

289 1205 649 1278 videamus,
676 1211 889 1285 patres
927 1209 1306 1285 conscripti,
1342 1225 1540 1285 quam
1585 1207 1852 1285 quidem
1896 1208 2200 1285 intellego

292 1296 490 1357 verbo
513 1296 649 1357 fieri
681 1297 1008 1357 interdum
1034 1298 1424 1358 deteriorem
1458 1296 1693 1357 solere.
2068 1311 2069 1314 ’

373 1413 446 1471 ΙΙ.
495 1413 808 1473 Nolumus
838 1413 963 1473 hoc
993 1414 1238 1473 bellum
1269 1413 1498 1472 videri.
1522 1413 1728 1483 Quam
1761 1413 1955 1489 igitur
1986 1414 2205 1473 muni-

293 1501 481 1578 cipiis
513 1507 575 1561 et
601 1501 873 1562 coloniis
915 1503 994 1562 ad
1040 1502 1553 1563 excludendum²
1594 1503 1946 1562 Antonium
1988 1508 2206 1563 aucto-

290 1591 546 1652 ritatem
586 1590 840 1665 damus,
884 1609 1103 1669 quam,
1156 1597 1228 1651 ut
1281 1591 1522 1651 milites
1555 1592 1709 1651 flant
1757 1592 1897 1651 sine
1939 1590 2025 1666 vi,
2063 1593 2204 1652 sine

291 1680 500 1740 multa
518 1681 560 1752 ³,
605 1681 842 1756 studi0‚
882 1681 1235 1756 voluntate,
1271 1698 1492 1758 quam,
1525 1687 1596 1741 ut
1625 1681 1936 1759 pecunias
1970 1681 2036 1740 in
2066 1699 2203 1740 rem

289 1769 617 1847 publicam
658 1771 1124 1847 polliceantur?
1150 1771 1214 1831 Si
1243 1771 1422 1831 enim
1453 1770 1604 1830 belli
1639 1787 1881 1830 nomen
1910 1769 2195 1843 tolletur,

290 1860 800 1936 municipiorum
853 1860 1066 1920 studia
1120 1860 1472 1931 tollentur;
1534 1876 1898 1920 consensus
1970 1858 2195 1937 populi

293 1949 589 2024 Romani,
625 1950 734 2026 qui
780 1950 917 2029 ⁸jam
975 1949 1310 2010 descendit
1343 1950 1410 2009 in
1439 1965 1705 2010 causam
1735 1950 1776 2024 ⁴,
1808 1949 1864 2008 si
1913 1966 2033 2009 nos
2066 1949 2196 2008 lan-

291 2039 693 2116 guescimuS,
724 2039 1095 2100 debilitetur
1120 2056 1390 2100 necesse
1414 2045 1529 2099 est.
1558 2041 1616 2098 ὃ.
1645 2039 1766 2099 Sed
1794 2040 1950 2116 quid
1976 2038 2202 2117 plura?

291 2129 365 2188 D.
417 2130 651 2189 Brutus
696 2133 1104 2207 oppugnatur
1154 2146 1167 2187 :
1225 2146 1358 2188 non
1416 2132 1515 2189 est
1585 2128 1885 2189 bellum?
1937 2129 2199 2197 Mutina,

293 2218 548 2278 colonia
600 2222 786 2279 vetus
830 2224 894 2279 et
950 2218 1158 2293 firma,
1193 2218 1526 2279 obsidetur
1569 2236 1582 2277 :
1622 2235 1705 2278 ne
1758 2218 1883 2278 hoc
1936 2218 2201 2294 quidem

292 2307 535 2368 bellum
585 2308 722 2373 est?
760 2308 964 2368 Gallia
1004 2312 1291 2369 vastatur
1341 2326 1356 2368 ε
1405 2325 1545 2386 quae
1605 2324 1727 2384 pax
1782 2311 1996 2385 potest
2056 2323 2200 2368 esse

291 2397 569 2457 certior?
596 2397 760 2457 Illud
812 2414 964 2459 vero
1021 2398 1167 2475 quis
1215 2401 1426 2474 potest
1475 2396 1721 2457 bellum
1780 2413 1924 2456 esse
1988 2396 2205 2456 dicere

291 2503 421 2562 quo
476 2486 837 2559 consulem,
899 2485 1354 2547 fortissimum·
1402 2487 1639 2559 virum,
1695 2503 1849 2547 cum
1923 2487 2210 2546 exercitu

292 2574 653 2635 misimus?
695 2576 813 2647 Qui
859 2593 1010 2639 cum
1057 2580 1230 2636 esset
1281 2576 1580 2635 infirmus
1627 2593 1703 2635 ex
1741 2577 1917 2652 gravi
1961 2575 2209 2636 diutur-

290 2681 507 2742 noque
540 2660 798 2738 morb0‚*
820 2664 1067 2725 nullam
1108 2666 1231 2725 sibi
1264 2665 1514 2742 putavit
1545 2664 2031 2725 excusationem
2063 2683 2208 2724 esse

296 2758 615 2832 oportere,
650 2772 801 2815 cum
842 2754 920 2813 ad
963 2755 1056 2814 rei
1105 2756 1378 2833 publicae
1424 2754 1802 2833 praesidium
1844 2758 2206 2814 vocaretur.

349 2922 388 2966 1.
421 2920 705 2965 Vacationes.
728 2924 799 2965 En
820 2934 901 2965 cas
921 2922 978 2966 de
1005 2924 1204 2967 tumulte
1364 2921 1405 2966 2.
1460 2921 1816 2965 Excludendum.
1866 2923 1934 2965 Cf.
1992 2922 2213 2977 Philipp..

293 2988 357 3019 on
401 2977 641 3030 supprime
674 2976 762 3027 (Cf.
795 2976 1044 3021 Tite-Live,
1068 2977 1200 3026 VIII,
1314 2977 1422 3024 VII,
1453 2987 1556 3019 vm.
1602 2974 1957 3019 25:1³romnciae
1998 2976 2158 3018 Gallia»
2188 2993 2215 3018 «ι,

291 3030 379 3079 xx)
407 3031 475 3072 les
499 3029 769 3078 vacationes,
812 3040 947 3073 exem
985 3032 1108 3073 tions
1146 3030 1202 3073 de
1312 3042 1402 3082 qua
1445 3041 1478 3070 ,τ
1511 3029 1631 3070 alsus
1652 3034 1697 3070 et
1711 3028 1975 3081 repudiatus
1996 3034 2077 3070 est.

294 3084 476 3144 service
520 3082 746 3144 militaire
798 3093 937 3126 aecor
971 3082 1050 3126 ees
1107 3094 1201 3126 aux
1365 3081 1406 3125 3.
1430 3042 1596 3144 Aleti-ta.
1649 3082 1901 3125 L'amende
1931 3084 2013 3137 qui
2046 3084 2215 3138 frappe

292 3141 486 3184 emeriti,
518 3147 599 3189 qui
630 3138 714 3179 ont
732 3136 821 3179 fait
842 3136 884 3179 16
915 3137 1111 3179 nombre
1132 3133 1202 3179 re·
1311 3147 1432 3179 ceux
1454 3147 1536 3189 qui
1566 3146 1625 3179 ne
1651 3136 1907 3180 s'enrolent
1927 3147 2011 3190 pas
2034 3136 2216 3180 delent·

293 3189 605 3244 glementaire
630 3189 686 3232 dc
718 3200 1005 3243 campagnes
1036 3193 1082 3232 et
1106 3201 1200 3233 aux
1313 3185 1559 3282 pleinffre.
1659 3242 1666 3251 .
1736 3243 1742 3250 Ι

295 3244 569 3296 magistrats
592 3253 650 3285 en
680 3243 934 3286 fonctions.
981 3244 1054 3285 Cf.
1094 3243 1202 3283 Plu·-
1363 3244 1403 3284 4.
1487 3241 1687 3283 escendat
1728 3256 1771 3282 m
1821 3255 1999 3284 caecsnm
2057 3244 2215 3285 Prend

296 3297 426 3351 lipp.‚
456 3298 507 3344 V,
543 3308 606 3345 xx,
626 3291 674 3338 31
703 3310 711 3336 :
741 3296 986 3336 Tumultnm
1005 3295 1197 3345 decerni,
1313 3296 1431 3349 parti
1463 3294 1581 3337 dans
1609 3295 1656 3337 la
1684 3306 1828 3337 cause
1847 3294 1908 3336 du
1928 3295 2086 3338 senat.
2115 3298 2213 3338 Me-

282 3351 518 3406 justitinm
568 3350 690 3401 <voir
737 3350 784 3391 ia
832 3353 942 3392 note
998 3349 1024 3391 5
1053 3348 1109 3392 de
1155 3348 1202 3391 la
1312 3345 1947 3402 taphoretireedelalangue
1961 3348 2212 3391 militairo:

293 3414 413 3458 page
440 3402 538 3456 322)
580 3401 715 3451 edici,
769 3415 883 3455 saqa
945 3402 1059 3442 sumn·
1100 3402 1201 3443 dico
1311 3413 1369 3444 on
1410 3401 1613 3444 descend
1658 3403 1740 3444 des
1770 3402 1997 3443 hauteur-s
2023 3401 2083 3442 01'1
2105 3413 2215 3443 ona

291 3461 513 3511 oportere,
547 3455 764 3496 delectum
811 3456 980 3496 haberi.
1005 3456 1200 3497 sublatis
1311 3456 1407 3508 pris
1434 3455 1636 3507 position
1669 3465 1786 3508 pour
1823 3454 2081 3496 combattre
2132 3466 2216 3496 sui·

295 3510 617 3551 vacationibus.
1314 3510 1355 3550 le
1374 3507 1545 3559 cbamp
1574 3508 1632 3551 de
1656 3507 1867 3549 bataille.
