2570 4026
616 311 664 372 L'
701 337 729 367 «
763 330 936 372 ACTIO
982 330 1168 375 PRIMA
1211 330 1270 373 ῑΝ
1314 330 1366 373 e.
1415 330 1665 372 VERREM
1701 337 1730 366 »
2018 315 2133 377 135

231 465 486 525 Verrem
513 482 527 536 ;
559 464 842 542 appellat
869 465 1228 538 hominem,
1254 468 1318 529 et
1340 465 1398 524 ei
1431 481 1587 524 voce
1611 464 1898 539 maxima
1917 469 2160 542 gratu--

230 553 406 626 latur,
453 553 577 630 ipsi
610 554 978 631 Hortensio,
1025 555 1137 632 qui
1164 554 1399 615 consul
1433 558 1568 614 erat
1606 553 1838 630 factus»,
1871 556 2134 634 propin*

231 643 364 719 quis
411 643 933 722 necessariisque
977 643 1144 720 ejus,
1188 636 1299 721 qui
1340 645 1480 703 tum
1530 643 1814 722 aderant,
1861 646 2133 710 verbum

228 731 474 797 nullum
525 732 713 804 facit3
761 750 913 799 cum
952 733 1079 797 hoc
1121 733 1444 807 consistit,
1490 733 1664 805 hunc
1707 733 2130 813 amplexatur,

229 820 389 886 hunc
427 822 618 899 jubet
649 821 788 886 sine
833 839 990 887 cura
1015 839 1196 884 esse:
1234 845 1265 876 «
1297 823 1617 885 Renuntio
1657 825 1699 897 ¹,
1735 823 1965 900 inquit,
2017 824 2133 887 tibi

226 913 276 974 te
302 910 641 973 hodiernis
658 911 945 976 comitiis
974 928 1118 972 esse
1141 912 1536 973 absolutum.
1567 935 1596 964 »
1622 911 1802 982 Quod
1828 930 1980 979 cum
2001 917 2132 977 tam

228 999 399 1060 multi
441 1000 746 1063 homines
777 1000 1228 1062 honestissimi
1258 1000 1618 1074 audissent,
1660 1001 1878 1063 statim
1908 1002 1986 1063 ad
2027 1019 2130 1065 me

227 1087 548 1149 defertur:
589 1089 793 1155 immo
834 1106 1009 1161 vero,
1042 1094 1114 1153 ut
1153 1089 1432 1166 quisque
1470 1107 1577 1151 me
1605 1089 1870 1168 viderat,
1915 1108 2132 1155 narra-

227 1176 337 1238 bat.
390 1178 554 1245 Aliis
582 1178 744 1243 illud
776 1177 1306 1255 indignum‚aliis
1347 1179 1695 1243 ridiculum
1743 1179 2124 1251 videbatur:

226 1265 562 1331 ridiculum
609 1267 715 1342 iis,
769 1269 877 1345 qui
924 1268 1113 1334 istius
1149 1285 1418 1329 causam
1463 1269 1530 1332 in
1561 1270 1826 1333 testium
1873 1269 2020 1343 fide,
2063 1271 2127 1333 in

225 1356 565 1419 criminum
589 1357 861 1430 ratione,
897 1357 964 1419 in
986 1358 1291 1434 jndicum
1315 1360 1654 1434 potestate,
1678 1375 1812 1421 non
1842 1359 1910 1423 in
1933 1360 2129 1421 comi-

225 1444 317 1504 tiis
363 1446 847 1518 consularibu5‚
894 1447 1174 1525 positam
1219 1447 1737 1520 arbitrabantur3
1789 1449 2128 1527 indignum
2212 1457 2216 1461 ’

224 1533 315 1609 iis,
348 1537 462 1613 qui
486 1535 684 1601 altius
710 1536 1209 1614 perspiciebant,
1246 1540 1308 1599 et
1329 1526 1492 1597 hanc
1521 1537 2022 1614 gratulationem
2051 1539 2129 1603 ad

219 1624 531 1699 judicium
564 1626 1119 1703 corrumpendum
1142 1629 1430 1704 spectare
1463 1627 1765 1700 videbant
1787 1628 1827 1688 ²,
1865 1630 1962 1689 20.
1990 1631 2129 1693 Ete-

224 1714 347 1780 nim
392 1716 491 1778 sic
539 1715 1116 1789 ratiocinabantur,
1171 1716 1265 1784 sic
1327 1715 1777 1781 honestissimi
1822 1717 2125 1782 homines

224 1803 376 1864 inter
399 1822 477 1865 se
510 1808 577 1867 et
608 1821 866 1880 mecum
892 1805 1326 1881 loquebantur
1355 1822 1368 1862 :
1408 1825 1435 1863 κ
1462 1806 1691 1882 Aperte
1708 1807 1847 1883 jam
1876 1824 1953 1871 ac
1979 1824 2128 1884 pern

222 1893 429 1970 spicue
460 1893 645 1959 nulla
672 1911 816 1958 esse
838 1894 1107 1971 judicia.
1142 1894 1274 1965 Qui,
1307 1911 1459 1959 reus
1482 1895 1689 1971 pridie
1713 1895 1852 1972 ,iam
1883 1895 2021 1973 ipse
2057 1914 2125 1959 se

223 1983 717 2050 condemnatum
749 1985 1033 2063 putabat,
1075 1984 1154 2055 is,
1188 1987 1615 2063 posteaquam
1647 1984 1951 2054 defensor
1980 1986 2123 2063 ejus

222 2075 436 2135 consul
472 2078 575 2135 est
612 2072 846 2146 factus,
891 2074 1288 2137 absolvitur!
1325 2074 1490 2147 Quid
1520 2075 1756 2152 igitur?
1777 2076 1952 2153 quod
1990 2080 2126 2140 tota

223 2160 445 2238 Sicilia,
515 2161 693 2239 quod
756 2180 984 2228 omnes
1032 2161 1253 2236 Siculi,
1323 2180 1551 2229 omnes
1616 2164 2121 2241 negotiatores&

222 2266 433 2313 omnes
476 2252 753 2329 publicae
798 2252 1505 2329 privataequelitterw
1543 2254 1762 2315 Romae
1799 2258 1972 2329 sunt,
2026 2255 2124 2317 ni·-

220 2337 379 2400 hilne
443 2342 511 2405 id
562 2340 842 2404 valebit?
901 2340 1095 2415 Nihil,
1168 2341 1371 2404 invito
1431 2342 1700 2407 consule
1758 2343 2118 2420 designato.

220 2426 367 2498 Quid
389 2432 417 2490 ⁴?
430 2429 695 2507 judices
724 2447 857 2492 non
884 2430 1182 2503 crimina,
1215 2448 1351 2494 non
1379 2434 1603 2501 testes,
1643 2449 1773 2495 non
1799 2432 2122 2497 existima-

222 2517 449 2584 tionem
506 2520 733 2597 populi
782 2520 1059 2584 Romani
1116 2523 1517 2597 sequentur?
1562 2523 1738 2592 Nom
1791 2523 2010 2589 omnia
2057 2524 2125 2590 in

220 2609 398 2669 unius
430 2612 750 2687 potestate
782 2626 855 2669 ac
884 2609 1332 2669 moderatione
1365 2614 1714 2672 vertentur.
1751 2635 1780 2665 »

221 2792 319 2838 dant
349 2808 403 2840 sa
423 2807 651 2846 censure,
678 2798 750 2842 cet
770 2806 851 2840 arc
872 2796 929 2841 de
948 2797 1109 2843 triom-
1218 2796 1563 2839 arbitrabantur
1608 2798 1913 2855 (pensaient),
1950 2799 2016 2842 les
2045 2810 2125 2841 au-

220 2848 316 2941 ehe,
364 2860 449 2893 sur
498 2851 547 2896 la
599 2850 717 2893 Voie
766 2850 956 2895 Sacree.
994 2860 1109 2892 avec
1218 2853 1315 2893 tres
1332 2852 1537 2928 voyaierit
1559 2852 1676 2895 bien.
1850 2905 1858 2913 .

247 2906 403 2955 argent
469 2902 637 2946 enleve
682 2914 774 2948 aux
834 2904 1109 2957 Allobroges
1272 2902 1318 2945 3.
1343 2904 1685 2956 AeqotzatoreS.
1709 2905 1798 2947 Les
1818 2906 2028 2959 citoyens
2052 2916 2124 2948 ro-

219 2955 425 3001 vaincus.
462 2958 547 2999 Get
576 2967 657 2999 arc
690 2957 746 2999 de
777 2957 1013 3010 triomphe
1039 2959 1110 2999 est
1219 2958 1398 3007 mains,
1433 2954 1789 3013 generalement
1836 2957 1918 3001 des
1949 2959 2122 3002 cheva-
2217 2960 2225 2967 '

220 3010 335 3051 aussi
391 3009 593 3063 designa
661 3021 712 3053 ar
771 3010 837 3052 les
883 3021 1022 3056 noma
1051 3010 1107 3052 de
1217 3010 1349 3061 liei-s,
1387 3012 1470 3065 qui
1518 3012 1741 3055 faisaieut
1789 3022 1846 3053 en
1898 3011 2040 3055 sicile
2081 3012 2123 3055 le

221 3058 376 3103 For-nia·
405 3063 562 3111 Fabii,
640 3064 772 3104 omee'oe
803 3063 989 3112 Fabius,
1024 3062 1109 3104 Ar·
1217 3075 1484 3108 commerce
1515 3076 1574 3109 en
1597 3077 1726 3120 gros,
1762 3066 1873 3110 bien
1903 3065 2014 3119 plus
2053 3077 2123 3108 es·

220 3124 285 3153 cus
312 3114 555 3161 Fabianae.
1218 3118 1355 3160 times
1385 3129 1477 3173 que
1506 3119 1574 3163 les
1601 3124 1892 3169 mercatores,
1930 3130 2045 3173 gens
2065 3120 2122 3163 de

265 3170 304 3210 1.
333 3168 569 3231 Renuntio.
608 3180 631 3210 ι(
668 3170 723 3211 Je
756 3172 797 3214 te
832 3168 1019 3231 declara
1056 3180 1106 3219 »;
1217 3172 1461 3225 boumque,
1488 3173 1577 3268 ⁴ffui
1605 3173 1856 3235 ‚fais-aient
1905 3172 1946 3215 le
1992 3184 2121 3235 com-

221 3227 468 3264 remmtaeata
498 3223 581 3274 (vi,
638 3222 707 3277 16)
756 3225 884 3268 avait
929 3224 971 3267 le
1003 3234 1110 3265 sens
1218 3235 1375 3267 merce
1407 3236 1467 3268 en
1521 3225 1655 3269 etan.
1684 3227 1902 3274 ciceron,
1939 3237 2021 3281 qui
2053 3230 2122 3270 est

222 3274 312 3317 tout
338 3279 473 3319 autre
493 3276 551 3320 de
581 3288 604 3316 (ι
634 3275 819 3320 resilier
846 3289 890 3319 ».
1219 3278 1478 3328 chevalier,
1503 3283 1689 3324 mentre
1702 3291 1767 3321 un
1780 3279 1930 3333 grand
1943 3278 2122 3341 mepris

265 3326 308 3374 2.
344 3329 583 3373 Videbunt.
608 3330 799 3372 Comme
824 3334 1026 3383 spectare
1045 3330 1106 3370 vi-
1218 3332 1419 3386 pourles
1432 3333 1784 3375 mercatores.Cf.
1800 3332 1864 3373 De
1879 3333 2067 3388 Officiis,
2083 3336 2120 3382 Ι,

221 3377 368 3423 debant
396 3383 488 3425 fait
515 3394 610 3426 une
657 3382 721 3425 fin
760 3382 1099 3433 d'hexametre,
1218 3396 1332 3434 xml,
1365 3384 1475 3429 150:
1514 3386 1646 3427 Nihil
1703 3386 1820 3428 enim
1860 3386 2120 3441 proficiunt,

222 3430 432 3482 Lambin.
460 3438 579 3480 dont
598 3438 639 3479 le
659 3437 782 3480 texte
804 3449 831 3478 a
847 3432 919 3479 ἑῐό
941 3435 1107 3491 adopte
1216 3438 1310 3481 nisi
1335 3438 1398 3480 ad
1418 3438 1586 3480 modum
1607 3440 1902 3483 mentiantur.

224 3482 582 3538 generalement.
618 3500 647 3532 a
689 3490 812 3533 corri
848 3488 872 3533 ὁ
901 3488 1108 3531 videbant
1270 3489 1311 3535 4.
1367 3491 1563 3533 Publicae
1607 3492 1877 3553 privataeque
1930 3492 2115 3535 litteram

223 3547 272 3580 en
292 3542 640 3587 arbitrabantur.
665 3544 787 3585 Mais
836 3554 861 3585 e
892 3554 1004 3586 sens
1022 3542 1106 3585 des
1217 3546 1346 3587 Tous
1375 3545 1443 3587 les
1485 3544 1802 3600 temmgnages
1831 3545 1990 3593 eorus,
2019 3545 2119 3587 offi-

223 3590 332 3638 deux
368 3598 490 3643 mots
518 3599 587 3642 est
627 3596 845 3642 different
872 3610 881 3640 ε
914 3594 981 3641 les
1017 3608 1107 3639 uns
1216 3597 1334 3641 ciels
1357 3610 1417 3641 ou
1440 3597 1617 3655 prives·
