2570 4026
357 298 475 354 384
563 310 672 354 nus
713 309 995 355 mscouns
1038 309 1444 373 consonamus
1490 311 1612 356 on
1660 309 2085 361 PHILIPPIQUES

364 446 626 518 milites,
659 462 790 504 non
820 444 1136 505 mirificus
1167 461 1331 507 usus
1363 445 1428 505 in
1475 462 1541 505 re
1589 444 1859 505 militari
1904 443 2294 517 exstitisset,

364 551 574 611 neque
606 533 863 610 adjutor
889 524 947 593 ei
975 535 1040 593 P.
1072 534 1324 594 Sestius
1355 534 1433 595 ad
1465 534 1880 594 excitandum
1907 533 2292 606 Antonium,

361 623 855 697 cohortandum,
883 622 1355 696 accusandum,
1383 623 1858 700 impellendum
1893 623 2148 694 fuisset,
2184 621 2298 680 da-

365 718 470 772 tus
496 713 605 773 illo
637 714 703 772 in
735 713 901 773 bello
928 717 1101 773 esset
1130 713 1333 772 hiemi
1365 712 1573 786 locuS,
1615 730 1828 790 neque
1855 728 2143 789 unquam
2174 710 2295 769 Ca-

367 801 572 874 tilina,
626 817 775 861 cum
824 818 857 860 e
908 800 1139 878 pruina
1177 801 1519 878 Apennini,
1568 806 1759 879 atque
1805 818 1838 861 e
1866 800 2125 860 nivibus
2158 798 2294 858 illis

370 891 770 964 emersisset,
823 894 1012 967 atque
1075 894 1367 950 aestatem
1415 890 1733 969 integram
1771 894 2023 964 nactu3‚
2089 887 2294 949 ltaliae

298 1018 301 1019 ν
371 979 564 1039 061165
588 980 606 1014 ¹
653 983 716 1039 et
767 984 1103 1056 pastorum
1163 978 1415 1040 stabula
1462 997 1912 1059 praeoccupare
1960 979 2291 1055 coepisset,

367 1069 506 1128 sine
537 1068 743 1129 multo
765 1069 1102 1146 sanguine,
1128 1086 1202 1129 ac
1226 1069 1367 1128 sine
1393 1069 1591 1130 totius
1623 1070 1818 1131 Italiae
1849 1069 2145 1129 vastitate
2171 1065 2296 1125 mi-

364 1157 638 1218 serrima
667 1157 1080 1218 concidisset.
1127 1159 1223 1217 13.
1269 1160 1455 1218 Hunc
1504 1159 1698 1236 igitur
1735 1159 2029 1219 animum
2078 1155 2297 1216 attulit

364 1247 442 1307 ad
472 1247 874 1308 tribunatum
906 1248 972 1306 P.
1011 1247 1284 1321 SestiuS‚
1320 1251 1392 1307 ut
1426 1252 1823 1325 quaesturam
1851 1246 2245 1307 Macedoniae
2270 1244 2294 1278 ²

362 1336 748 1413 relinquam,
796 1340 858 1396 et
900 1336 1249 1420 aliquando
1306 1337 1385 1396 ad
1447 1338 1585 1398 haec
1636 1338 1943 1417 propiora
2000 1334 2292 1395 veniam.

364 1427 744 1502 Quanquam
763 1443 897 1485 non
919 1430 1019 1485 est
1048 1425 1404 1486 omittenda
1425 1426 1776 1503 singularis
1813 1425 1924 1485 illa
1954 1424 2296 1500 integritas

366 1513 803 1593 provincialis,
830 1515 1017 1593 quus
1046 1533 1165 1592 ego
1190 1533 1399 1593 nuper
1415 1513 1437 1547 ‘⁶‘
1455 1516 1521 1575 in
1546 1515 1916 1577 Macedonia
1939 1513 2069 1574 vidi
2094 1513 2294 1573 vesti-

368 1606 468 1681 gia
496 1622 629 1664 non
658 1621 882 1682 pressa
917 1604 1143 1665 leviter
1171 1605 1248 1665 ad
1295 1605 1511 1682 exigui
1562 1605 2090 1684 praedicationem
2130 1607 2297 1662 tem-

371 1694 570 1770 poriS,
604 1694 717 1754 sed
748 1694 872 1753 fixa
909 1694 989 1754 ad
1018 1695 1406 1754 memoriam
1446 1694 1623 1755 illius
1659 1693 2007 1773 provinciae
2054 1692 2297 1768 sempi-

370 1788 642 1843 ternam.
661 1786 901 1847 Verum
922 1784 1062 1844 haec
1089 1787 1176 1844 ita
1194 1788 1682 1861 praetereamuS,
1706 1788 1778 1844 nt
1792 1788 2012 1844 tamen
2034 1782 2298 1841 intuen-

368 1877 464 1931 tes
495 1875 558 1932 et
587 1877 1026 1951 respectantes
1061 1874 1537 1950 relinquamus.
1604 1892 1607 1896 “
1921 1874 1924 1881 ’

436 2052 623 2108 Avant
647 2049 930 2110 d'arriver
959 2052 994 2110 6
1021 2052 1228 2127 l'eloge
1262 2054 1341 2110 du
1379 2050 1643 2110 tribunat
1677 2052 1748 2110 de
1780 2050 2026 2121 Sestius»,
2060 2065 2295 2107 comme

369 2149 433 2187 ce
462 2133 727 2191 tribunat
754 2151 791 2191 a
819 2135 910 2190 ete
938 2138 1220 2191 consacre
1254 2141 1382 2191 tout
1409 2135 1601 2191 entier
1627 2135 1662 2190 a
1688 2135 1748 2190 la
1777 2133 2018 2189 defense
2052 2132 2154 2187 des
2194 2131 2294 2186 in-

396 2213 552 2268 erets
582 2219 640 2270 et
670 2215 742 2270 (16
771 2214 831 2271 16
861 2214 1045 2284 gloire
1077 2215 1157 2271 du
1188 2217 1395 2271 consul
1426 2216 1497 2271 (16
1525 2219 1616 2285 63,
1640 2214 1886 2271 Ciceron
1916 2213 2071 2269 croit
2090 2212 2298 2268 devoir

367 2292 514 2348 faire
542 2293 596 2349 16
627 2296 776 2350 recit
803 2295 874 2350 de
899 2300 1033 2351 tous
1057 2296 1143 2351 les
1176 2296 1479 2352 malheurs
1510 2295 1749 2367 publics
1784 2295 1885 2365 qui
1937 2299 2040 2349 ont
2085 2294 2295 2348 amene

366 2391 473 2428 son
509 2390 724 2446 propre
765 2375 884 2431 exil
928 2376 1159 2447 (V1-xv).
1212 2376 1259 2430 Il
1301 2383 1460 2431 trace
1498 2392 1635 2432 avec
1684 2391 1802 2430 une
1852 2372 2293 2445 complaisance

360 2454 737 2523 particuliere
766 2455 822 2511 le
853 2455 1088 2511 tableau
1121 2456 1277 2511 dela
1309 2456 1641 2512 desolation
1680 2453 2040 2512 universelle
2084 2454 2186 2524 qui
2229 2469 2294 2507 56

364 2533 634 2603 repandit
661 2533 696 2588 6
725 2535 905 2590 Rome
937 2536 1139 2605 quand
1169 2554 1246 2591 on
1272 2536 1469 2607 apprit
1503 2535 1722 2607 qu‘une
1770 2534 1852 2591 101
1894 2533 2180 2589 scelerate
2214 2532 2291 2586 de

364 2612 601 2668 Clodius
630 2613 684 2668 le
715 2614 926 2686 forcait
954 2617 1027 2671 de
1054 2616 1236 2672 sortir
1267 2615 1512 2671 d’ltalie.

717 2846 1152 2910 Desolation
1191 2848 1544 2923 generale
1586 2849 1636 2911 a
1672 2852 1919 2910 Rome.

438 3029 538 3088 XI.
559 3030 673 3091 Hic
698 3034 839 3091 tum
869 3037 1133 3093 senatus
1161 3031 1504 3104 sollicituS‚
1531 3048 1667 3104 VOS,
1695 3030 1945 3108 equites
1974 3026 2292 3101 Romani,

351 3119 629 3192 excitati,
681 3118 867 3182 Italia
909 3125 1143 3182 cuncta
1193 3125 1514 3199 permota,
1550 3138 1780 3181 omnes
1831 3120 2104 3197 denique
2145 3136 2302 3178 om-

343 3208 526 3268 nium
555 3226 871 3285 generum
898 3216 1090 3288 atque
1122 3211 1429 3271 ordinum
1476 3211 1650 3271 cives
1697 3227 1972 3270 summae
2052 3208 2143 3268 rei
2184 3226 2304 3285 pu-

357 3366 773 3462 fagtsgrisonniers
793 3378 879 3422 par
900 3369 943 3412 le
964 3369 1250 3432 vainqueur.
1375 3369 1433 3418 V,
1469 3367 1533 3421 vx)
1573 3367 1812 3419 adressee,
1848 3379 1908 3411 en
1944 3366 2000 3411 02
2028 3365 2056 3409 a
2108 3365 2301 3409 Sestius

511 3420 636 3461 alles.
670 3422 758 3464 Les
792 3424 998 3466 sentiers
1028 3434 1112 3477 qui
1162 3425 1254 3465 tra·
1373 3425 1684 3477 proquesteur
1724 3433 1785 3464 en
1825 3420 2126 3466 Macedoine.
2162 3419 2228 3461 ou
2260 3419 2294 3462 il

357 3475 548 3515 versent
569 3472 637 3516 les
659 3476 932 3528 patui-ages.
1375 3477 1504 3519 avait
1519 3477 1643 3519 suivi
1662 3486 1750 3518 son
1761 3475 2017 3529 proconsul
2036 3474 2295 3516 Antonius.

414 3525 453 3566 Ξ.
478 3525 751 3574 Quaesturam
770 3527 1060 3570 Macedonia
1086 3530 1122 3571 Il
1142 3531 1264 3573 reste
1427 3529 1465 3572 3.
1497 3529 1666 3583 Nuper.
1692 3529 2018 3581 Βὸεεῐῐιιηοῐιῑ,
2044 3526 2175 3570 alors
2196 3538 2295 3581 que

368 3579 604 3621 unelettre
616 3580 1259 3634 deCicerousEpise.lamuel..
1375 3583 1580 3627 Cicer-on
1606 3583 1721 3626 ctait
1749 3595 1809 3626 en
1831 3583 1950 3627 exil.
