2570 4026
406 193 523 252 514
595 183 616 258 ',
1085 209 1188 254 Les
1233 208 1638 261 mammonas

375 431 380 446 ‘
438 482 567 539 XII.
611 513 680 522 —
720 482 858 536 I«N
897 482 970 537 Μ.
1013 480 1435 535 ANTONIUM
1476 479 1765 535 ΟΒΑΤΙΟ
1805 478 2283 535 PHILIPPICA

1095 568 1632 624 DUODECIMA»

471 754 696 806 Exoeoe·
723 750 874 820 (1-11).
902 779 971 790 —
1026 748 1271 803 Ciceron
1305 749 1614 803 reconnalt
1658 766 1739 819 qu
1742 748 1802 803 11
1847 766 1881 805 6
1920 750 2168 804 commis
2197 766 2313 804 une

395 832 605 888 lourde
635 832 796 885 faute
828 847 901 884 en
932 833 1283 885 consentant
1323 833 1356 883 6
1404 829 1552 883 faire
1588 831 1778 900 partie
1818 831 1889 885 de
1935 830 1991 885 16
2038 830 2314 886 nouvelle

401 912 746 983 deputation
779 911 923 966 dont
945 911 999 965 16
1030 912 1206 966 Senat
1244 926 1278 966 a
1314 926 1387 965 eu
1417 909 1472 964 le
1509 914 1629 964 tort
1662 910 1732 965 de
1768 909 2253 965 deciderl'envoi
2281 910 2316 967 ὸ.

398 994 670 1049 Antoine.

349 1158 353 1163 ,
468 1100 748 1155 Pammene
786 1116 981 1154 PAe‘riE
1005 1098 1237 1171 (ul-vn).
1265 1131 1329 1140 -
1358 1102 1517 1154 Cette
1550 1100 1898 1170 deputation
1929 1105 2016 1154 est
2058 1101 2309 1169 inutile;

398 1180 540 1236 c'est
564 1197 682 1235 une
708 1180 888 1234 honte
916 1184 1080 1233 etun
1109 1179 1332 1251 danger
1363 1196 1475 1249 que
1524 1179 1840 1250 d'e'nvoyer
1882 1180 1953 1234 (16
2002 1197 2315 1236 nouveaux

396 1260 671 1334 delegues
698 1259 913 1330 aupres
939 1258 1250 1315 d'Antoine
1282 1275 1420 1316 avec
1446 1260 1547 1332 qui
1576 1265 1733 1316 toute
1761 1261 2042 1317 tentative
2070 1261 2142 1316 de
2171 1261 2315 1332 paix

397 1347 485 1398 est
514 1340 877 1413 impossible.

465 1450 750 1504 Dssuxifffle
781 1444 1429 1521 PARr1E2(vn1-x11).—-Si
1452 1448 1508 1503 16
1541 1447 1718 1514 Senat
1734 1448 1983 1517 persiste
2004 1451 2032 1502 6
2053 1463 2315 1522 envoyer

396 1531 499 1586 des
530 1529 778 1600 deputes
819 1529 852 1583 6
886 1529 1160 1596 Antoine,
1196 1529 1443 1584 Ciceron
1478 1545 1550 1582 ne
1590 1527 1816 1598 partita
1848 1543 1958 1598 pas
1997 1543 2136 1583 avec
2169 1543 2309 1583 eux.

394 1612 438 1666 Il
463 1628 676 1681 expose
703 1611 790 1666 les
814 1612 1043 1666 raisons
1068 1610 1477 1681 personnelles
1508 1610 1608 1680 qui
1641 1608 2034 1680 l'empechent
2055 1609 2127 1664 de
2158 1609 2309 1665 faire

393 1692 592 1764 partie¹
612 1690 785 1747 d'une
813 1692 1160 1763 deputation
1186 1694 1441 1763 envoyee
1473 1692 1504 1746 6
1534 1690 1805 1746 Antoine.

392 1907 697 1967 ciceron
735 1922 825 1966 ne
874 1910 1051 1979 peut
1089 1908 1284 1966 faire
1333 1908 1582 1979 partie
1622 1909 1832 1965 d’une
1872 1905 2312 1977 deputation

949 1996 1279 2068 envoyee
1320 1999 1370 2056 a
1406 1996 1742 2057 Antoine.

469 2180 627 2239 VIII.
677 2181 773 2238 19.
833 2179 1336 2240 Proficiscentur
1366 2179 1560 2255 legati
1594 2179 1860 2254 optimis
1893 2178 2226 2238 ominibus
2258 2181 2305 2254 ¹,

389 2270 502 2327 sed
530 2269 571 2326 ii
606 2269 1121 2345 proficiscantur,
1159 2269 1225 2325 in
1256 2267 1493 2344 quibus
1543 2283 1677 2325 non
1714 2266 2075 2326 offendatur
2106 2267 2310 2326 Anto-

387 2359 558 2416 nius.
590 2357 768 2428 Quod
798 2357 961 2417 side
1002 2357 1278 2415 Antonio
1321 2372 1453 2414 non
1499 2355 1829 2427 laboratis,
1892 2355 2053 2415 mihi
2103 2361 2306 2431 certe,

386 2450 600 2524 patres
643 2447 1017 2523 conscripti,
1072 2445 1411 2505 consulere
1471 2444 1738 2504 debetiS.
1802 2446 2048 2505 Parcite
2094 2446 2309 2506 oculis

388 2537 616 2595 saltem
648 2537 835 2607 meis,
881 2540 944 2595 et
997 2535 1281 2611 aliquam
1337 2535 1594 2595 veniam
1637 2534 2073 2615 justodolori
2128 2535 2305 2598 date.

388 2625 524 2696 Quo
548 2626 723 2686 enim
750 2625 1057 2702 adspectu
1087 2624 1301 2684 videre
1339 2628 1561 2700 potero
1603 2622 1858 2703 (omitto
1899 2624 2153 2682 hostem
2187 2643 2308 2701 pa-

387 2715 545 2788 triae,
577 2731 653 2773 ex
685 2732 812 2790 quo
839 2714 1003 2773 mihi
1037 2714 1259 2773 odium
1282 2715 1345 2772 in
1379 2713 1566 2773 illum
1584 2706 1932 2773 commune
1955 2714 2303 2773 vobiscum

386 2803 531 2883 est),
580 2804 690 2863 sed
742 2822 868 2881 quo
918 2804 1112 2863 modo
1159 2804 1513 2881 adspiciam
1561 2804 1724 2863 mihi
1764 2804 1877 2862 uni
1928 2802 2306 2863 crudelissi-

383 2910 568 2953 mum
598 2893 878 2965 hostem,
916 2897 986 2951 ut
1017 2893 1342 2954 declarant
1382 2894 1524 2972 ejus
1573 2894 1648 2954 de
1703 2911 1807 2953 me
1856 2893 2303 2952 acerbissimae

386 2982 807 3042 contiones2?
839 2981 1095 3042 Adeone
1129 3000 1232 3042 me
1264 2983 1551 3044 ferreum
1602 2984 1861 3060 putatis,
1919 2986 1992 3042 ut
2021 2999 2174 3042 cum
2220 3000 2301 3042 eo

384 3071 712 3149 congredi,
778 3076 887 3130 aut
933 3071 1119 3131 illum
1175 3072 1509 3149 adspicere
1558 3073 1830 3150 possim,
1889 3073 1999 3149 qui
2062 3088 2299 3148 nuper,

385 3178 533 3219 cum
568 3162 635 3220 in
656 3162 955 3220 contione
976 3162 1245 3225 donaret
1271 3180 1405 3229 eos,
1433 3162 1543 3241 qui
1561 3164 1620 3223 ei
1642 3162 1719 3222 (16
1738 3161 2077 3239 parricidis
2104 3161 2307 3221 auda-

341 3295 346 3300 .
385 3250 633 3309 cissimi
659 3250 1061 3322 videbantur,
1095 3268 1240 3311 mea
1271 3253 1437 3312 bona
1471 3253 1709 3312 donare
1743 3269 1810 3311 se
1844 3251 2002 3310 dixit
2032 3251 2304 3311 Petusio

436 3433 480 3479 1.
518 3435 760 3477 Ominibus.
793 3436 907 3479 Voir
945 3437 990 3480 la
1019 3439 1128 3481 note
1166 3438 1191 3480 3
1231 3437 1288 3481 de
1450 3438 1491 3483 2.
1518 3438 1776 3483 Contionem
1810 3439 1925 3481 Voir
1948 3438 1992 3480 la
2011 3436 2315 3486 note2de1a

383 3486 430 3529 la
453 3499 496 3543 p.
527 3488 626 3530 259.
1399 3502 1516 3547 page
1532 3491 1626 3536 278.
