2570 4026
357 247 474 327 404
566 262 675 306 nEs
720 262 1002 308 mscouns
1044 264 1442 329 consentinus
1486 244 2062 322 Auxhpnmrrlousss

359 416 574 477 quam,
612 399 940 475 quondam
979 417 1161 475 paene
1199 399 1306 458 ille
1344 398 1621 475 decepit,
1656 414 1808 456 cum
1839 401 1901 456 et
1930 398 2090 457 civis
2117 400 2287 459 mihi

360 489 592 559 bonuS‚
628 491 691 546 et
716 488 942 563 optimi
976 488 1296 565 cujusque
1336 486 1633 564 cupiduS,
1678 491 1741 545 et
1771 486 1997 547 firmus
2027 488 2287 548 amicus

361 595 433 636 ac
462 576 672 636 fidelis
717 575 1064 646 videretur,
1102 578 1292 654 cujus
1341 594 1459 652 ego
1507 574 1795 636 facinora
1835 576 2040 635 oculis
2074 578 2283 653 priUS,

359 684 553 742 quam
572 665 900 741 opinione,
926 667 1228 725 manibus
1253 669 1398 732 ante
1425 682 1616 741 quam
1646 665 2019 740 suspicione
2051 666 2279 742 depre—

357 755 574 815 hendi.
634 755 830 832 Cujus
882 756 948 814 in
992 757 1246 834 magnis
1294 755 1570 815 catervis
1630 755 2015 821 amicorum,
2060 754 2114 813 si
2162 755 2288 815 fuit
2367 782 2376 789 ’

358 846 553 905 etiam
584 843 838 922 Caelius,
871 845 1079 921 magis
1112 849 1229 916 est,
1264 850 1336 904 ut
1368 845 1503 920 ipse
1530 845 1805 903 moleste
1847 844 2009 904 ferat
2031 861 2287 904 errasse

359 951 451 1007 se,
487 935 677 994 sicuti
705 952 837 993 non
864 952 1199 1011 nunquam
1246 935 1310 993 in
1332 933 1563 993 eodem
1590 934 1857 993 homine
1883 950 1990 992 ine
2023 951 2286 1010 quoque

358 1025 595 1083 erroris
645 1024 775 1083 mei
820 1024 1104 1100 paenitet,
1139 1040 1334 1100 quam
1367 1026 1439 1082 ut
1473 1024 1661 1082 istius
1701 1022 2001 1082 amicitiae
2032 1022 2287 1082 crimen

360 1112 758 1173 reformidet.

425 1272 513 1326 On
542 1272 738 1327 hlaine
760 1272 846 1328 les
877 1273 1165 1344 depenses
1196 1274 1509 1345 exagerees
1542 1272 1612 1327 de
1642 1273 1855 1327 Caelius
1886 1290 1898 1327 ε
1933 1278 2084 1327 cette
2116 1289 2291 1327 accu-

353 1352 546 1407 sation
576 1352 724 1407 n'est
752 1369 855 1424 pas
887 1354 1167 1408 serieuse.
1197 1384 1265 1393 —
1297 1354 1383 1407 On
1415 1353 1498 1407 lui
1528 1354 1811 1423 reproche
1844 1353 2063 1408 d'avoir
2093 1353 2286 1422 quitte-

352 1433 411 1488 la
432 1433 662 1488 maison
690 1434 761 1488 de
793 1451 900 1489 son
931 1435 1103 1505 pere:
1130 1451 1212 1489 un
1235 1435 1420 1506 jeune
1451 1437 1695 1488 orateur
1724 1433 1848 1488 doit
1879 1450 1940 1488 se
1968 1432 2130 1504 loger
2147 1434 2289 1503 pres

354 1514 434 1569 du
463 1514 677 1569 Forum
710 1514 978 1586 (vn-vm).
1013 1515 1116 1570 Les
1139 1514 1311 1586 ¹iuges
1337 1530 1410 1568 ne
1452 1513 1904 1583 s'inquieteront
1941 1530 2044 1584 pas
2078 1514 2166 1570 de.
2188 1530 2293 1584 pa·

356 1593 559 1648 reilles
608 1595 934 1650 calomnies
982 1596 1083 1665 qui
1141 1600 1274 1649 sont
1331 1594 1386 1650 le
1432 1595 1536 1648 sait
1583 1593 1913 1650 d'ennemis
1967 1593 2289 1665 deloyaux.

353 1673 659 1729 L'orateur
688 1692 762 1730 ne
795 1676 1029 1747 parlera
1053 1692 1160 1746 pas
1191 1675 1296 1730 des
1328 1679 1526 1731 autres
1559 1674 1722 1729 chefs
1754 1667 2151 1735 d'accusation
2185 1677 2292 1744 qui

358 1759 461 1809 ont
488 1756 579 1810 ete
610 1756 837 1811 reduits
867 1757 900 1811 a
930 1757 1111 1811 neunt
1141 1773 1248 1828 par
1279 1757 1538 1823 CraSSUS,
1570 1755 1857 1827 dontilse
1882 1756 2029 1827 plait
2056 1755 2091 1810 ἒ).
2118 1755 2298 1810 louer

354 1830 721 1905 l'eloquence
752 1836 947 1908 (ix-x).

346 1974 352 1979 ·
421 1943 704 1998 Dnuximm
726 1961 921 1998 PAnriu
948 1943 1185 2017 (xi-xx).
1203 1943 1362 1997 -La
1384 1936 1624 1998 defense
1646 1946 1717 2000 de
1747 1943 1959 1998 Caelius
1992 1959 2052 1996 se
2093 1948 2294 1997 trans-

350 2024 538 2080 forme
567 2041 640 2079 en
674 2026 1045 2095 requisitoire
1080 2025 1300 2079 violent
1329 2025 1516 2096 dirige
1549 2030 1751 2080 contre
1784 2025 2022 2079 Clodius
2046 2029 2104 2078 et
2145 2041 2289 2078 sur-

349 2110 477 2160 tout
508 2111 711 2161 contre
740 2106 958 2175 Clodia,
993 2106 1092 2175 qui
1128 2110 1408 2160 accusent
1437 2106 1491 2161 le
1540 2106 1722 2160 client
1752 2105 1823 2160 de
1876 2105 2143 2159 Ciceron.
2197 2104 2291 2159 On

350 2186 598 2256 pretend
628 2203 740 2256 quc
786 2186 997 2241 Caelius
1037 2203 1071 2241 a
1113 2187 1426 2256 emprunte
1460 2186 1529 2260 de
1566 2187 1676 2242 l’or
1709 2186 1743 2241 ἐι
1774 2185 1978 2241 Clodia
2027 2190 2086 2238 et
2114 2200 2190 2238 ne
2230 2184 2291 2239 le

352 2265 436 2320 lui
451 2284 601 2339 apas
620 2268 833 2335 rendu,
850 2267 1077 2323 ensuite
1101 2266 1246 2338 qu'il
1265 2283 1299 2321 a
1312 2268 1559 2337 prepare
1577 2267 1657 2321 du
1671 2267 1881 2338 poison
1901 2282 2050 2337 pour
2065 2265 2123 2319 la
2140 2264 2294 2320 faire

352 2347 536 2417 perir.
572 2351 757 2403 Avant
790 2348 861 2403 de
906 2348 1168 2403 discuter
1194 2364 1290 2402 ces
1322 2350 1478 2402 deux
1516 2348 1911 2414 accusation8‚
1939 2345 1977 2400 il
2015 2345 2296 2400 convient

355 2426 625 2482 d'etablir
674 2445 737 2484 ce
766 2428 952 2500 qu'est
982 2429 1186 2483 Clodia
1213 2432 1272 2483 et
1301 2427 1498 2500 quelle
1526 2428 1782 2483 autorite
1816 2445 1892 2482 on
1921 2430 2064 2498 peut
2114 2425 2295 2480 attri-

355 2507 504 2563 buer
531 2508 567 2563 Ξι
614 2509 673 2563 la
719 2509 922 2581 parole
951 2508 1023 2564 de
1056 2514 1206 2564 cette
1244 2509 1463 2563 femme
1495 2508 1751 2563 decriee.

975 2714 1241 2772 Caelius
1284 2716 1361 2772 et
1403 2714 1679 2771 Clodia.

445 2890 613 2953 XIll.
661 2889 820 2948 Sunt
858 2890 1078 2947 autem
1110 2888 1237 2946 duo
1271 2887 1565 2960 crimina,
1607 2887 1769 2959 auri,
1808 2890 1870 2946 et
1901 2884 2133 2944 veneni
2166 2903 2180 2958 3
2220 2886 2292 2945 in

368 2980 605 3056 quibus
637 2996 767 3038 una
798 2986 986 3054 atque
1034 2977 1261 3037 eadem
1319 2993 1597 3056 persona
1630 2978 1644 3010 ¹
1691 2979 2007 3036 versatur.
2042 2975 2297 3034 Aurum

368 3073 703 3144 sumptum
740 3086 775 3125 a
808 3067 1050 3141 Clodia,
1093 3083 1416 3125 venenum
1450 3066 1822 3142 quaesitum,
1859 3065 2030 3141 quod
2054 3064 2298 3124 Clodiae

368 3159 651 3230 daretur,
688 3157 942 3216 dicitur.
978 3156 1212 3216 Omnia
1249 3158 1397 3214 sunt
1440 3156 1584 3228 alia,
1631 3172 1763 3214 non
1821 3154 2113 3222 crimina,
2176 3155 2294 3213 sed

370 3246 734 3319 maledicta,
756 3246 952 3322 jurgii
972 3245 1322 3326 petulantis
1340 3245 1548 3320 magis
1572 3262 1762 3321 quani
1785 3244 2058 3321 publicae
2083 3261 2298 3319 quaes-

370 3336 589 3395 tionis,
625 3358 652 3388 «
709 3334 993 3406 Adulter,
1060 3332 1451 3411 impudicUS,
1513 3334 1891 3410 sequester²
1953 3357 2007 3406 »‚
2063 3334 2294 3392 convi-

427 3495 467 3534 1.
496 3492 711 3534 Persona.
745 3493 858 3534 Υοίῐ·
887 3493 932 3534 la
962 3494 1070 3536 nole
1097 3490 1121 3534 4
1150 3492 1206 3536 de
1234 3492 1281 3534 la
1443 3492 1489 3536 2.
1538 3493 1796 3546 Seque-ster.
1819 3463 2085 3545 ,Celui-qui
2142 3492 2241 3533 met
2272 3490 2300 3532 ἐι

379 3554 422 3595 p.
453 3544 548 3588 170.
1391 3549 1516 3598 part,
1543 3547 1625 3601 qui
1646 3545 1788 3599 garde
1804 3554 1862 3587 en
1888 3544 2025 3598 depOt
2053 3544 2121 3587 les
2151 3543 2299 3586 fonds
