2570 4026
34 2733 37 2740 ,.
34 2573 37 2724 Ἰ-,-
34 2249 41 2558 ..Ἧ-τ--ᾐτ--Ί-γ
34 2161 37 2236 ΫῨᾼ.

692 270 766 322 ιε
814 284 840 316 «
890 278 1002 323 r-Ro
1047 270 1103 321 τ.
1153 269 1335 321 AN'Mo
1379 269 1599 322 MILONE
1645 286 1675 315 »
2019 257 2133 321 431

763 549 871 604 La
907 545 1103 602 mort
1142 546 1232 603 de
1272 545 1588 603 Clodius.

301 756 405 816 IX.
431 755 582 815 23...
613 753 957 830 Reliquum
980 756 1101 825 est,
1119 752 1399 829 judices,
1429 757 1500 811 ut
1522 753 1682 811 nihil
1697 752 1835 829 jam
1858 770 2145 830 quaerere

224 844 401 904 aliud
449 841 761 914 debeatiS,
799 842 926 901 nisi
968 846 1110 901 uter
1147 841 1276 900 utri
1328 841 1599 900 insidias
1632 841 1918 902 fecerit¹.
1964 842 2147 913 Quod

227 953 355 1010 quo
428 932 682 993 facilius
749 931 1148 1008 argumentis
1172 932 1193 964 '²
1237 931 1607 1008 perspicere
1667 931 1958 1008 possitiS,
2010 949 2149 993 rem

226 1027 479 1101 gestam
499 1021 686 1080 vobis
718 1020 874 1080 dum
907 1020 1189 1080 breviter
1216 1037 1492 1097 expono,
1539 1037 1782 1099 quaese,
1812 1020 2153 1100 diligenter

225 1113 559 1174 attendite.

307 1222 408 1279 024.
447 1220 513 1279 P.
550 1217 814 1278 Clodius·
841 1235 991 1277 cum
1019 1218 1353 1278 statuisset
1396 1218 1570 1278 omni
1604 1219 1845 1277 scelere
1897 1218 1962 1277 in
1994 1236 2152 1296 pree—

229 1311 375 1370 tura
400 1324 629 1366 vexare
657 1324 792 1366 rem
822 1306 1174 1382 publicam,
1209 1305 1587 1382 videretque
1640 1306 1727 1365 ita
1766 1310 1968 1366 tracta
2010 1323 2154 1366 esse

230 1395 534 1457 comitia3
566 1412 734 1454 anno
762 1393 1120 1470 superiore,
1154 1398 1224 1453 ut
1253 1411 1386 1452 non
1419 1394 1656 1453 multos
1688 1411 1946 1459 menses
1992 1412 2157 1472 prae-

230 1490 445 1547 turam
477 1500 699 1561 gerere
732 1487 974 1558 posset,
1020 1482 1130 1558 qui
1170 1500 1303 1542 non
1343 1482 1610 1542 honoris
1656 1483 1924 1559 gradum
1968 1501 2156 1561 spec-

230 1577 400 1634 taret
425 1578 497 1632 ut
526 1572 746 1644 ceteri,
782 1571 893 1631 sed
943 1576 1007 1631 et
1050 1574 1116 1630 L.
1172 1572 1444 1631 Paulum
1467 1573 1487 1605 4
1531 1572 1844 1648 collegam
1881 1572 2158 1651 effugere

237 1665 452 1734 vellet,
483 1661 788 1738 singulari
824 1661 1055 1720 virtute
1082 1661 1314 1729 civem,
1350 1666 1413 1720 et
1442 1678 1683 1720 annum
1716 1652 2043 1738 integrum
2084 1661 2162 1721 ad

235 1749 719 1812 dilacerandam
744 1767 885 1811 rem
911 1749 1242 1827 publicam
1275 1757 1612 1827 quaereret,
1648 1750 1863 1811 subito
1905 1751 2168 1828 reliquit

237 1857 486 1900 annum
519 1856 711 1899 suum
732 1840 774 1910 5,
811 1855 1010 1914 seque
1038 1838 1105 1897 in
1133 1856 1379 1897 annum
1410 1839 1781 1916 proximum
1813 1841 2162 1911 transtulit,

237 1947 397 2001 non,
430 1932 502 1987 ut
532 1928 625 2000 fit,
657 1926 971 2005 religione
999 1927 1233 2003 aliqua,
1267 1927 1381 1986 sed
1411 1932 1483 1987 ut
1505 1928 1792 1999 haberet,
1829 1929 2004 2005 quod
2025 1928 2163 2006 ipse

241 2019 520 2091 dicebat,
576 2018 652 2076 ad
703 2021 1051 2094 praeturam
1101 2017 1473 2093 gerendam,
1529 2019 1653 2077 hoc
1701 2022 1800 2077 est
1847 2019 1922 2078 ad
1984 2036 2167 2079 ever-

238 2107 503 2166 tendam
524 2123 662 2164 rem
682 2106 1034 2182 publicam,
1054 2106 1321 2183 plenum
1340 2122 1583 2166 annum
1602 2112 1794 2182 atque
1817 2107 2166 2184 integrum.

324 2216 426 2273 25.
473 2213 862 2273 Occurrebat
911 2214 965 2272 ei
1021 2230 1321 2274 mancam
1376 2231 1448 2273 ac
1500 2214 1779 2273 debilem
1824 2219 2169 2291 praeturam

244 2304 534 2364 suturam
585 2318 795 2375 suam,
843 2303 1110 2361 consule
1164 2303 1429 2374 Milone;
1475 2321 1626 2363 eum
1675 2321 1867 2380 porro
1909 2321 2169 2364 summo

244 2409 575 2454 consensu
602 2392 822 2469 populi
856 2392 1125 2451 Romani
1158 2388 1499 2452 consulem
1532 2393 1667 2451 fieri
1698 2392 1973 2454 videbat.
2011 2392 2174 2453 Con—

244 2482 398 2542 tulit
430 2498 498 2542 se
530 2480 606 2540 ad
639 2481 781 2558 ejus
814 2482 1274 2557 competitores
1300 2483 1340 2553 ⁶,
1379 2480 1490 2541 sed
1520 2483 1626 2553 ita,
1670 2488 1872 2541 totam
1913 2485 1985 2541 ut
2014 2483 2175 2559 peti-

300 2649 348 2695 1.
386 2649 498 2691 Uter
519 2649 609 2690 utri
635 2649 826 2690 insidias
849 2649 1023 2704 s'ecerit.
1040 2650 1159 2693 C'est

248 2705 293 2748 le
319 2697 510 2747 resume
544 2702 600 2745 de
646 2704 771 2747 toute
822 2704 1158 2758 l’argumenta-

250 2759 352 2800 tion
375 2757 431 2800 de
457 2756 676 2799 l'avocat.

305 2811 353 2855 2.
372 2809 681 2863 Arqnmentis.
704 2810 797 2853 Les
821 2820 1024 2864 preuves
1044 2810 1159 2852 dont

250 2866 300 2908 la
352 2864 627 2906 discussion
673 2875 734 2906 va
780 2864 875 2907 etre
931 2862 1157 2917 precedes

251 2918 368 2961 d'un
389 2914 562 2970 expose
588 2916 670 2960 des
692 2918 820 2960 faits.

305 2971 332 3014 3
369 2970 577 3013 Comitia.
604 2972 720 3012 Voir
754 2972 802 3013 la
839 2973 948 3013 note
972 2968 1000 3012 6
1023 2970 1080 3013 de
1113 2971 1161 3013 la

292 3024 416 3068 ..13st
441 3026 530 3067 Les
557 3025 760 3067 cornices
782 3023 843 3066 οὐ
865 3034 916 3066 se
937 3024 1164 3067 saisaient

174 3107 179 3112 -
272 3088 327 3121 es
365 3077 593 3121 electioris
633 3076 715 3120 des
758 3076 954 3119 consuls
992 3079 1036 3120 et
1077 3077 1161 3121 des

252 3128 478 3184 preteurs
515 3132 709 3174 avaient
739 3129 855 3173 dure
885 3131 994 3184 plus
1037 3129 1164 3173 dela

255 3184 421 3228 moitie
465 3184 521 3227 de
570 3182 774 3234 l'annee,
807 3183 835 3225 a
884 3193 1029 3227 cause
1081 3183 1163 3227 des

257 3237 474 3282 ementes
518 3234 749 3282 suscitees
788 3247 872 3291 par
901 3236 1093 3280 Clodius
1119 3239 1166 3280 et

257 3302 348 3346 par
376 3292 542 3334 Milon.
572 3293 661 3334 Les
682 3291 878 3333 consuls
900 3294 946 3334 et
965 3291 1034 3333 les
1064 3288 1164 3344 pre—

261 3349 392 3388 teurs
432 3345 488 3388 de
518 3344 570 3388 53
598 3355 658 3387 ne
688 3345 947 3398 pouvaient
966 3354 1165 3390 exercer

258 3399 365 3441 leur
395 3399 569 3452 charge
591 3408 682 3451 que
712 3397 922 3451 pendant
960 3398 1029 3440 les
1062 3398 1163 3441 der-

263 3452 394 3495 niers
420 3453 541 3494 mois
571 3451 627 3495 de
657 3446 857 3494 l'annee.

317 3504 362 3549 [ι.
398 3503 453 3552 L.
480 3505 686 3547 Paulum.
736 3503 880 3549 Frere
929 3504 992 3547 du
1035 3504 1168 3547 futur

261 3560 489 3602 triumvir
544 3560 608 3602 M,
665 3558 890 3600 AEmllius
935 3558 1162 3611 Lepidus,

1270 2651 1321 2692 L.
1349 2651 1573 2693 AEmilius
1624 2650 1821 2700 Paulus,
1848 2651 2057 2694 membre
2102 2651 2174 2693 in·

1267 2703 1501 2747 fluentdu
1545 2704 1667 2757 parti
1709 2704 1792 2747 des
1828 2705 2083 2757 optimates,
2104 2705 2178 2747 fut

1267 2768 1335 2800 un
1360 2757 1444 2800 des
1463 2760 1774 2800 accusateurs
1809 2758 1866 2801 de
1887 2757 2091 2801 Catilina
2120 2769 2179 2801 en

1265 2807 1552 2864 63;preteur
1592 2822 1618 2853 a
1655 2809 1728 2853 res
1748 2812 1882 2853 avoir
1920 2807 2089 2855 exerce
2132 2811 2182 2854 la

1267 2864 1495 2917 questure
1516 2875 1575 2907 en
1650 2859 1888 2913 acedoine‚
1914 2865 1945 2907 il
1971 2866 2045 2907 fut
2073 2876 2181 2907 con-

1269 2918 1343 2959 sul
1365 2928 1424 2960 en
1445 2918 1497 2961 50
1518 2928 1633 2960 avec
1660 2918 1705 2959 C.
1731 2918 1961 2961 Claudius
1981 2918 2182 2960 Marcel-

1269 2971 1363 3013 luS.
1389 2971 1565 3014 Neutre
1586 2973 1719 3013 entre
1735 2969 1878 3013 Cesar
1889 2973 1935 3014 et
1950 2972 2067 3015 Pom
2103 2968 2177 3021 ee,

1271 3022 1486 3078 pendant
1527 3025 1575 3085 ¹52
1623 3034 1793 3078 guerre
1845 3024 2011 3073 civile,
2048 3026 2063 3067 i
2109 3025 2186 3067 fut

1272 3087 1550 3173 soulptconne
1585 3076 1765 3120 d'avoir
1798 3078 1957 3121 vendu
1992 3089 2045 3121 sa
2069 3089 2184 3121 neu-

1294 3142 1347 3173 ra
1371 3143 1383 3171 1
1408 3144 1448 3173 e.

1326 3184 1367 3227 5.
1397 3185 1574 3225 Annum
1599 3198 1742 3226 ειιιιηι.
1770 3185 2005 3235 Questeur
2028 3196 2086 3228 en
2116 3183 2184 3234 61,

1275 3237 1399 3280 edile
1420 3240 1587 3281 curule
1609 3249 1668 3282 en
1682 3237 1750 3286 56,
1773 3238 1965 3281 Clodius
1987 3239 2187 3293 pouvait

1275 3293 1374 3335 etre
1393 3292 1582 3345 preteur
1594 3303 1652 3335 en
1669 3291 1736 3341 53,
1754 3305 1872 3332 anno
1885 3305 1978 3341 suo,
2002 3291 2076 3334 d’a
2111 3292 2185 3334 res

1274 3346 1322 3387 la
1358 3345 1430 3385 lea:
1491 3345 1625 3387 Vinia
1653 3346 1852 3391 annalis,
1885 3346 1966 3399 qui
1999 3342 2075 3387 ela
2109 3345 2188 3387 lis·-

1277 3397 1372 3441 sait
1409 3409 1474 3440 un
1532 3398 1781 3441 intel-valle
1828 3400 1884 3441 de
1928 3397 2053 3448 deux
2099 3408 2185 3439 ans

1276 3453 1408 3494 entre
1438 3452 1561 3494 deux
1579 3453 1943 3506 magistratures
1965 3450 2183 3494 curules».

1330 3504 1377 3548 6.
1397 3503 1458 3547 Co
1534 3506 1732 3547 etitores.
1746 3506 1833 3547 Ces
1847 3501 2188 3558 competiteurs

1280 3517 1540 3602 etaientng'.
1576 3559 1799 3600 Plautius
1834 3559 2087 3612 Hypsaeus,
2111 3568 2174 3600 an
