2570 4026
308 368 315 377 ,
375 305 494 363 358
587 320 699 365 Dus
745 320 1033 375 mscouns
1074 318 1475 364 consummas
1516 321 1634 365 on
1676 321 2082 372 pumppmuus

452 456 776 516 XXXVIII.
826 457 987 516 Cum
1016 455 1143 516 alia
1173 456 1378 517 multa
1406 457 1562 516 certi
1592 456 1952 529 homines1,
1985 460 2128 516 tum
2159 457 2296 518 hoc

363 545 465 605 vel
517 545 799 605 maxime
842 544 1227 623 moliuntur,
1279 548 1352 605 ut
1399 549 1630 605 vestrae
1689 562 1948 625 quoque
2002 550 2289 619 mentes,
2351 537 2394 617 J

364 637 579 695 vestra
621 634 891 712 judicia,
932 638 1162 695 vestrae
1216 635 1578 709 sententiae,
1623 635 1869 712 optimo
1913 634 2147 713 cuique
2189 636 2295 694 in-

365 723 738 784 festissimae
784 727 976 805 atque
1025 723 1504 788 inimicissimae
1561 725 1991 805 reperiantur.
2053 725 2294 790 Gravia

357 813 625 891 judicia,
673 831 792 892 pro
827 814 920 873 rei
953 813 1234 891 publicae
1263 814 1600 891 dignitate,
1636 814 1842 879 multa
1879 814 1956 877 de
1988 815 2294 892 conjura-

362 905 580 967 torum
616 902 859 968 scelere
901 902 1169 967 fecistis.
1223 905 1365 969 Non
1414 907 1642 983 putant
1699 903 1857 969 satis
1902 919 2292 992 conversam

364 1008 501 1056 rem
544 992 897 1070 publicam,
941 991 1071 1057 nisi
1132 991 1200 1055 in
1257 991 1556 1055 eamdem
1620 991 1980 1070 impiorum
2026 1009 2287 1069 poenam

366 1082 612 1158 optime
654 1081 926 1147 meritos
962 1081 1136 1143 cives
1178 1081 1590 1147 detruserint.
1652 1083 1751 1145 95.
1793 1082 2158 1159 Oppressus
2187 1085 2294 1145 est

366 1171 431 1231 C.
471 1168 851 1233 Antonius².
903 1171 1051 1233 Esto
1083 1189 1097 1230 t
1146 1170 1372 1232 habuit
1409 1172 1763 1248 quamdam
1804 1171 1914 1232 ille
1946 1170 2289 1231 infamiam

365 1275 596 1323 suam:
643 1276 857 1336 neque
900 1264 1118 1319 tamen
1165 1260 1274 1320 ille
1323 1261 1462 1338 ipse
1513 1259 1649 1337 (pro
1689 1277 1836 1320 meo
1886 1260 2071 1337 jure3
2114 1257 2290 1337 dico)

367 1348 552 1407 vobis
595 1347 929 1425 judicibus
978 1347 1324 1409 damnatus
1376 1354 1569 1427 esset,
1624 1350 1815 1426 cujus
1863 1348 2283 1408 damnatione

368 1437 740 1516 sepulcrum
782 1439 847 1497 L.
898 1438 1203 1509 Catilinae‚
1247 1439 1518 1498 floribus
1564 1441 1887 1514 ornatum,
1935 1437 2289 1499 hominum

368 1526 961 1591 audacissimorum
994 1545 1068 1588 ac
1100 1527 1613 1591 domesticorum
1645 1527 1931 1591 hostium
1964 1531 2292 1590 conventu

369 1612 712 1699 epulisque
754 1619 1147 1685 celebratum
1179 1621 1299 1679 est.
1329 1615 1549 1681 Justa⁴
1584 1616 1869 1681 Catilinae
1908 1616 2074 1683 facta
2108 1620 2285 1680 sunt.

367 1709 548 1769 Nunc
569 1725 607 1771 a
627 1708 853 1772 Flacco
875 1707 1346 1790 Lentulipoenae
1369 1724 1486 1785 per
1511 1723 1627 1768 vos
1642 1709 2050 1785 expetuntur.
2079 1705 2291 1776 Quam

367 1797 640 1872 potestis
681 1797 749 1861 P.
786 1797 1080 1872 Lentulo,
1116 1796 1229 1874 qui
1270 1813 1387 1859 vos
1421 1797 1490 1860 in
1530 1796 1878 1874 complexu
1926 1795 2288 1859 liberorum

370 1885 853 1967 conjugumque
883 1890 1244 1953 vestrarum
1289 1886 1667 1960 trucidatOS‚
1712 1884 2014 1951 incendio
2066 1883 2289 1963 patriae

369 1974 644 2053 sepelire
701 1979 971 2041 conatus
1023 1979 1141 2051 est,
1195 1979 1478 2041 mactare
1527 1975 1857 2038 victimam
1906 1973 2283 2056 gratiorem,

368 2082 564 2146 quam
603 2065 658 2130 si
702 2066 768 2128 L.
833 2066 1040 2130 Flacci
1092 2066 1407 2143 sanguine
1448 2065 1621 2129 illius
1673 2064 1998 2132 nefarium
2052 2064 2117 2128 in
2164 2079 2289 2128 nos

369 2171 596 2216 omnes
628 2155 852 2220 odium
883 2154 1366 2220 saturaveritis?
1396 2156 1495 2216 96.
1530 2149 1856 2221 Litemus⁸
1906 2153 2101 2231 igitur
2129 2154 2290 2216 Len.-

367 2243 526 2314 tu10,
557 2247 972 2321 parentemus
1001 2244 1305 2320 Cethego,
1340 2260 1724 2305 revocemus
1756 2244 2035 2320 ejectos;
2067 2241 2287 2306 nimiae

366 2332 623 2409 pietatis
681 2337 744 2394 et
801 2334 1045 2398 summi
1089 2334 1335 2398 amoris
1385 2333 1453 2396 in
1495 2332 1772 2410 patriam
1828 2332 2121 2398 vicissim
2166 2348 2288 2397 nos

364 2438 611 2497 poenas„
632 2422 689 2480 si
723 2423 813 2484 ita
828 2422 1060 2499 placet,
1085 2423 1496 2486 sufferamus.
1531 2424 1661 2482 Nos
1686 2421 1822 2496 jam
1851 2421 1930 2480 ab
1959 2419 2287 2481 indicibus

366 2511 805 2585 nominamur,
853 2511 921 2571 in
972 2528 1093 2571 nos
1138 2511 1414 2571 crimina
1455 2511 1820 2586 finguntur3
1876 2509 2068 2569 nobis
2124 2509 2286 2585 peri-

364 2599 510 2658 cula
540 2604 1016 2677 comparantur.
1057 2601 1207 2671 Quae
1254 2600 1309 2659 si
1346 2618 1459 2677 per
1494 2599 1655 2659 alios
1695 2603 1977 2676 agerent,
2014 2599 2068 2658 si
2102 2597 2286 2658 deni-

368 2706 492 2766 que
519 2707 632 2766 per
663 2689 885 2767 populi
926 2706 1169 2749 nomen
1211 2690 1457 2749 civium
1496 2688 1950 2765 imperitorum
1993 2687 2291 2747 multitu-

369 2778 588 2838 dinem
618 2780 1077 2853 concitassent,
1116 2778 1399 2856 aequiore
1433 2779 1649 2838 animo
1695 2777 1861 2837 ferre
1895 2793 2246 2855 possemus
2275 2795 2291 2845 ς

369 2866 529 2928 illud
555 2884 710 2928 vero
746 2867 899 2930 ferri
928 2885 1062 2931 non
1091 2871 1330 2945 potest,
1369 2866 1542 2944 quod
1572 2884 1687 2944 per
1717 2870 2053 2930 senatores
2087 2870 2150 2928 et
2177 2881 2296 2942 per

369 2957 620 3033 equites
653 2957 1004 3032 Romanos,
1036 2957 1146 3033 qui
1178 2957 1316 3017 haec
1340 2956 1561 3017 omnia
1592 2973 1707 3034 pro
1731 2956 1938 3015 salute
1968 2955 2293 3032 omnium,

423 3152 462 3195 1.
499 3152 631 3194 Certi
652 3151 870 3195 homines.
895 3152 1037 3195 «Des
1057 3154 1275 3195 hommes
1435 3152 1476 3195 5.
1511 3152 1723 3193 Liternus.
1769 3152 1937 3200 Ιλτιινε,
1976 3152 2166 3204 apaiser
2219 3151 2297 3193 les
2363 3143 2382 3158 ⁴*

377 3204 709 3271 determinesva
732 3208 846 3252 tout.
876 3223 894 3243 υ
917 3207 1034 3250 Voir
1055 3206 1103 3252 la
1126 3205 1276 3250 notes
1385 3215 1530 3262 (lieux
1549 3224 1636 3268 par
1652 3225 1718 3257 un
1734 3205 2108 3273 sacrifioeftsvtfi,
2122 3211 2298 3266 priene)

379 3258 437 3303 (ῙΘ
468 3259 580 3328 ΜΡ·
607 3257 704 3302 280·
1383 3281 1626 3330 parentare
1668 3276 1831 3334 (pario,
1859 3274 2043 3337 parens)
2085 3270 2299 3326 celss'brer

423 3311 470 3356 2.
500 3314 549 3353 (λ.
572 3312 813 3355 Antonius.
842 3315 958 3355 Voir
986 3324 1032 3385 ¹³⁶.
1053 3312 1119 3357 44.
1206 3336 1213 3344 ·
1248 3376 1256 3384 ·
1391 3341 1458 3372 un
1506 3327 1722 3373 sacrifice
1760 3329 2025 3383 expffltoire
2063 3338 2183 3381 pour
2214 3338 2295 3371 ses

422 3374 468 3418 3.
497 3373 590 3415 Pro
620 3386 712 3436 nico
767 3388 860 3419 ure.
892 3386 917 3418 α
946 3376 1035 3422 J'al
1075 3375 1118 3426 le
1157 3375 1281 3422 droit
1423 3386 1599 3428 arente.
1644 3384 1716 3428 On
1746 3383 1839 3427 sait
1868 3392 1960 3436 que
1991 3381 2224 3425 Lentulus
2246 3383 2296 3423 et

374 3428 429 3470 de
456 3427 611 3481 parler
636 3438 742 3470 31118
769 3463 777 3471 ·
806 3442 828 3471 >³
1425 3437 1646 3490 ethaeus,
1697 3436 1766 3478 les
1821 3435 1949 3479 deux
2006 3435 2297 3490 principaux

426 3490 470 3530 t.
506 3489 639 3530 Jmta
684 3491 860 3537 facere.
904 3490 1033 3540 dare,
1076 3489 1275 3541 solvere,
1388 3491 1645 3555 complices
1666 3489 1723 3533 de
1754 3489 1975 3551 Catilina,
2006 3488 2200 3550 avaient
2220 3484 2298 3531 ete

379 3552 619 3594 peragere,
655 3545 747 3586 etc.
780 3557 801 3582 «
831 3545 1024 3588 Rendre
1059 3545 1142 3587 des
1168 3546 1277 3588 hon·
1389 3556 1480 3585 mis
1503 3556 1530 3586 a
1550 3544 1672 3586 mort
1694 3542 1814 3585 dans
1837 3542 1886 3585 la
1907 3553 2084 3597 prison.
2107 3543 2219 3584 er
2252 3542 2297 3586 la

379 3605 524 3641 neurs
546 3595 786 3643 funebres,
813 3612 837 3642 ι)
1204 3615 1211 3627 ‘
1387 3601 1497 3642 note
1520 3595 1542 3640 1
1567 3597 1623 3640 de
1653 3597 1698 3639 la
1721 3608 1768 3653 p.
1796 3594 1897 3641 341.
