2570 4026
626 306 676 366 ι’
711 330 740 372 (ς
772 323 946 369 Acrio
988 324 1257 370 SECUNDA
1287 322 1363 365 *IN
1405 322 1459 364 c.
1507 321 1813 363 VERREM»
1872 338 1877 343 -
1989 305 1998 310 ”
2069 287 2182 361 221

273 459 652 537 quemlibet,
706 461 1126 539 supplicium,
1188 457 1360 535 quod
1405 455 1587 530 velit,
1630 455 1697 514 in
1744 472 1896 514 eum
1949 453 2190 514 consti-

273 553 472 623 tuere,
522 548 635 626 qui
677 566 745 609 se
790 550 1000 610 civem
1031 549 1396 610 Romanum
1423 562 1567 605 esse
1610 544 1799 616 dicat,
1836 543 2008 620 quod
2038 560 2188 603 eum

254 638 381 714 ,qui
428 635 514 696 sit
558 636 813 714 ignoret
856 657 871 699 :
915 639 1053 716 jam
1097 654 1325 697 omnes
1361 634 1749 720 provinciaS,
1792 633 1929 710 jam
1967 632 2189 692 omnia

272 743 486 803 regna,
501 726 639 803 jam
664 745 890 794 omnes
914 728 1150 788 liberas
1173 727 1488 801 civitates,
1516 725 1651 801 jam
1674 739 1935 783 omnem
1959 722 2184 794 orbem

271 821 613 890 terrarum,
679 817 787 894 qui
853 834 1113 894 semper
1173 815 1415 876 nostris
1471 814 1848 874 hominibus
1904 812 2186 872 maxime

270 905 499 986 patuit,-
538 905 790 966 civibus
822 907 1131 967 Roman-is
1171 907 1295 966 ista
1334 904 1713 965 defensione
1755 902 2183 981 praecluseriS.
2232 964 2235 968 ,

274 992 477 1064 Quid?
509 995 566 1053 si
604 996 672 1053 L.
718 994 1026 1069 Raecium,
1057 996 1347 1073 equitem
1386 994 1773 1062 Romanum,
1818 990 2091 1067 quitum
2121 990 2185 1049 in

274 1081 494 1143 Sicilia
521 1084 989 1161 negotiabatur,
1022 1085 1422 1154 nominabat,
1457 1083 1735 1143 etiamne
1776 1080 1840 1140 id
1877 1096 2186 1156 magnum

274 1169 396 1231 fuit
462 1172 902 1233 Panhormum
939 1174 1189 1235 litteras
1248 1172 1553 1244 mittere?
1616 1186 2021 1239 asservasses
2073 1167 2189 1226 ho-

274 1260 523 1320 minem
574 1262 886 1323 custodiis
948 1264 1473 1324 Mamertinorum
1531 1266 1815 1332 tuorum,
1872 1259 2184 1330 vinctum,

276 1349 567 1410 clausum
594 1351 963 1426 habuisseS,
989 1352 1146 1412 dum
1187 1351 1552 1412 Panhormo
1608 1350 1857 1409 Raecius
1910 1348 2156 1408 veniret
2172 1363 2198 1417 3³

275 1445 695 1515 cognosceret
743 1440 1104 1514 hominem,
1158 1440 1403 1518 ahquid
1447 1441 1526 1501 de
1576 1454 1837 1499 summo
1869 1435 2186 1514 supplicio

275 1528 640 1590 remitteres
676 1549 689 1591 :
739 1531 792 1590 si
837 1532 1184 1608 ignoraret,
1234 1536 1399 1600 tum,
1444 1529 1498 1588 si
1548 1529 1636 1588 ita
1677 1528 1792 1588 tibi
1838 1526 2186 1596 videretur,

274 1617 400 1677 hoc
430 1617 600 1695 juris
639 1619 706 1679 in
746 1636 975 1681 omnes
1023 1619 1477 1692 constitueres,
1519 1622 1613 1691 ut,
1653 1617 1763 1693 qui
1811 1632 2022 1694 neque
2072 1614 2185 1673 tibi

273 1711 470 1770 notus
519 1714 712 1782 esset,
763 1725 974 1786 neque
1027 1708 1429 1786 cognitorem
1487 1705 1919 1782 locupletem¹
1981 1704 2181 1777 daret,

275 1795 573 1872 quamvis
615 1798 775 1857 civis
815 1799 1141 1858 Romanus
1182 1800 1375 1871 esset,
1419 1796 1486 1857 in
1527 1812 1787 1856 crucem
1828 1792 2181 1854 tolleretur.

354 1911 560 1970 LXVi.
602 1912 740 1972 169.
785 1913 907 1973 Sed
934 1913 1088 1990 quid
1125 1930 1243 1990 ego
1279 1913 1463 1991 plura
1504 1911 1581 1972 de
1611 1909 1849 1970 Gavio?
1889 1910 2074 1987 quasi
2116 1913 2185 1968 tu

275 1999 473 2060 Gavio
498 2003 638 2060 tum
674 2000 877 2062 fueris
908 2001 1207 2074 infestUS,
1243 2019 1316 2062 ac
1341 2019 1474 2061 non
1501 1999 2027 2077 nomini,generi,
2055 1997 2185 2076 juri

275 2086 515 2148 civium
546 2088 754 2150 hostis
791 2109 802 2149 :
845 2108 979 2150 non
1014 2091 1134 2166 illi,
1178 2091 1465 2167 inquam,
1507 2088 1780 2161 homini,
1825 2088 1937 2148 sed
1976 2105 2187 2147 causae

276 2177 609 2237 commu-ni
657 2179 972 2240 libertatis
1017 2180 1323 2239 inimicus
1367 2178 1571 2238 fuisti.
1616 2176 1779 2248 Quid
1824 2176 2000 2236 enim
2036 2175 2190 2234 atti-

274 2265 439 2343 nuit,
475 2283 624 2326 cum
662 2268 1044 2339 Mamertini,
1081 2285 1261 2328 more
1309 2271 1498 2344 atqne
1537 2267 1831 2326 instituto
1872 2282 2013 2340 suc,
2048 2282 2188 2325 cru-

273 2372 415 2416 cem
446 2356 741 2417 fixissent
769 2364 918 2437 post
945 2360 1196 2432 urbem,
1232 2358 1299 2417 in
1324 2358 1427 2416 via
1466 2356 1773 2434 Pompeia
1789 2356 1834 2425 2,
1876 2359 1937 2415 te
1959 2354 2187 2432 jubere

275 2443 340 2502 in
379 2461 453 2504 ea
490 2450 670 2523 parte
712 2446 932 2524 figere,
982 2464 1124 2524 quae
1164 2447 1247 2507 ad.
1283 2447 1520 2506 fretum
1563 2449 1905 2522 spectaret,
1953 2447 2015 2502 et
2064 2443 2188 2502 hoc

275 2531 528 2608 addere,
582 2535 753 2612 quod
796 2553 1032 2613 negare
1080 2534 1263 2596 nullo
1318 2534 1514 2595 modo
1559 2539 1765 2611 potes,
1806 2532 1999 2609 quod,
2044 2548 2185 2591 om-

275 2621 466 2683 nibus
519 2625 957 2702 audientibuS,
1012 2625 1233 2687 dixisti
1292 2627 1524 2703 palam,
1576 2629 1638 2684 te
1697 2623 1939 2683 idcirco
1998 2620 2183 2679 illum

276 2710 493 2771 locum
524 2712 825 2790 deligere,
859 2718 932 2774 ut
970 2716 1095 2787 ille,
1131 2714 1438 2792 quoniam
1472 2730 1539 2773 se
1572 2713 1781 2772 civem
1821 2711 2186 2770 Romanum

278 2815 419 2861 esse
465 2801 726 2876 diceret,
783 2820 860 2863 ex
912 2820 1102 2865 cruce
1159 2803 1404 2863 Italiam
1459 2819 1744 2875 cernere,
1800 2817 1873 2860 ac
1917 2798 2184 2858 domum

277 2906 463 2949 suam
516 2891 886 2969 prospicere
930 2893 1192 2972 posset?
1239 2893 1459 2969 Itaque
1507 2892 1615 2951 illa
1662 2909 1820 2952 crux
1878 2890 2035 2964 sola,
2087 2887 2185 2965 ju-

276 2976 473 3053 diceS,
508 2985 654 3057 post
692 2981 1022 3042 conditam
1071 2983 1430 3042 Messanam
1462 2980 1571 3040 illo
1608 2979 1675 3038 in
1719 2980 1864 3038 loco
1909 2977 2036 3036 fixa
2066 2980 2183 3036 est.

276 3068 470 3129 Italiae
502 3076 888 3149 conspectus
924 3072 1002 3132 ad
1039 3089 1182 3132 eam
1207 3087 1348 3130 rem
1380 3071 1457 3129 ab
1490 3070 1615 3129 isto
1647 3069 1935 3129 delectus
1967 3072 2089 3142 est,
2122 3069 2193 3125 ut

330 3229 351 3269 1
369 3258 382 3271 .
441 3227 726 3281 Coqnitorem
787 3229 1062 3283 locupletem.
1106 3229 1184 3272 Un
1295 3228 1419 3277 niem
1440 3227 1506 3269 De
1525 3226 1695 3275 Dium,
1723 3228 1785 3276 ΙΙ,
1817 3237 1953 3275 Lvm,
1979 3227 2058 3267 *119
2081 3226 2196 3279 :Py-

284 3279 551 3335 repondant
579 3281 721 3336 digne
757 3282 813 3325 de
839 3282 930 3326 foi.
954 3282 1180 3336 Locuples,
1298 3281 1513 3335 thaqoras
1556 3285 1600 3322 ct
1655 3280 1810 3330 Plato,
1861 3279 2196 3331 locupletissimi

285 3333 419 3377 riche
436 3343 494 3377 en
516 3334 778 3389 proprietes
807 3335 1041 3379 soncieres
1061 3335 1184 3389 (voir
1296 3339 1516 3376 auctores,

284 3386 331 3429 la
351 3390 475 3450 note·
495 3388 521 3428 6
544 3388 600 3431 de
631 3389 676 3430 la
694 3396 821 3450 page·
844 3389 957 3450 185),
981 3388 1182 3444 signifie‚
1349 3389 1389 3429 2.
1427 3387 1509 3429 Via
1550 3386 1781 3448 Pompeia.
1828 3385 2196 3446 Probablement

284 3450 368 3493 par
402 3443 541 3490 suite,
582 3440 709 3484 celui
742 3452 825 3495 qui
857 3445 1072 3496 presente
1100 3443 1181 3485 des
1290 3452 1385 3484 une
1429 3442 1563 3484 route
1597 3449 1811 3482 romaine
1838 3440 2099 3481 construite
2134 3449 2192 3480 en

286 3494 548 3548 gai-antias,
582 3504 767 3540 comme
808 3505 875 3538 un
903 3496 1033 3539 riche
1072 3506 1180 3550 pro·
1291 3496 1359 3542 82,
1379 3494 1539 3545 quand
1563 3492 1768 3546 Pompee
1783 3491 1947 3535 faisait
1966 3502 2027 3534 en
2048 3490 2192 3533 Sicile

284 3546 521 3599 prietaire.
564 3546 637 3590 Cf.
682 3547 890 3598 ciceron,
926 3549 990 3590 De
1032 3549 1180 3604 Ossia,
1292 3547 1339 3589 la
1392 3557 1529 3590 uerre
1550 3549 1711 3589 contre
1745 3546 1790 3588 le
1824 3545 1990 3588 consul
2022 3544 2188 3591 Carbo,

286 3600 372 3647 ΙΙΙ,
402 3611 452 3648 11,
473 3602 525 3642 10
548 3608 558 3641 ε
591 3599 733 3641 Testis
777 3601 968 3656 locuples
997 3601 1182 3644 Posido·
1292 3560 1507 3655 coffegue
1526 3600 1584 3643 de
1604 3601 1808 3642 Marius.
