2570 4026
789 313 860 355 LE
905 320 933 349 t<
973 314 1086 357 PRO
1130 306 1335 357 ROSCIO
1376 313 1632 356 COMOEDO
1666 320 1695 348 ³)

262 449 640 523 arbitratur,
668 451 782 526 qui
804 451 889 509 ita
916 450 975 509 di
986 451 1381 528 gnisssimus
1404 454 1502 509 est
1528 466 1738 509 scaena
1759 453 2018 527 propter
2038 447 2180 508 arti·

263 537 613 612 ficium,ut
650 537 1076 616 dignissimus
1136 541 1220 600 sit
1271 540 1453 599 curia
1486 541 1501 572 ¹
1565 541 1826 616 propter
1857 539 2186 599 abstinen-

259 629 422 688 tiam
451 629 495 686 ².
528 629 625 687 18.
665 628 788 688 Sed
817 629 970 705 quid
1001 647 1119 708 ego
1152 630 1410 708 ineptus
1444 628 1521 689 (16
1549 629 1782 689 Roscio
1812 627 1981 706 apud
2012 628 2186 687 Piso-

258 734 416 776 nem
497 717 643 777 dico
688 719 707 753 3
730 720 759 777 ‘2
833 720 1136 795 'ignotum
1222 720 1559 779 hominem
1649 719 1894 778 scilicet
1971 717 2186 794 pluri-

265 808 396 867 bus
449 807 665 866 verbis
730 808 1142 868 commendo,
1214 810 1405 868 Estne
1476 808 1823 885 quisquam
1890 800 2184 867 omnium

264 895 670 970 mortalium,
752 895 829 956 de
896 915 1024 974 quo
1085 898 1322 959 melius
1395 897 1733 957 existimes
1767 900 1861 956 ·tu
1901 898 1930 955 ⁶?
1973 899 2185 955 *estne

263 985 644 1062 quisquam,
725 985 837 1063 qui
913 987 1028 1046 tibi
1078 987 1323 1065 purior,
1384 986 1749 1065 pudentior,
1812 985 2182 1057 humanior,

264 1074 628 1135 officiosior
667 1075 1128 1154 liberaliorque
1159 1076 1502 1136 videatur?
1543 1075 1708 1147 Quid
1760 1080 1853 1148 tu,
1911 1073 2184 1148 Saturii,

264 1165 385 1242 qui
416 1168 643 1224 contra
672 1165 848 1227 hunc
873 1167 1055 1226 venis
1089 1164 1132 1241 ⁵,
1169 1166 1505 1227 existimas
1532 1166 1716 1226 aliter
1736 1165 1765 1223 ἱ)
1795 1180 2010 1225 nonne
2032 1181 2190 1240 quo-

267 1255 725 1331 tienscumque
746 1255 816 1314 in
838 1271 1034 1315 causa
1055 1255 1120 1314 in
1136 1273 1379 1316 nomen
1399 1255 1598 1333 huius
1616 1254 1924 1328 incidisti,
1950 1253 2187 1312 totiens

267 1344 450 1403 hunc
484 1346 543 1403 et
569 1343 784 1403 virum
816 1344 1062 1404 bonum
1088 1361 1232 1405 esse
1260 1345 1505 1415 dixisti,
1538 1350 1602 1406 et
1635 1344 1904 1404 honoris
1939 1359 2137 1403 causa
2168 1342 2188 1377 ⁶

269 1431 612 1511 appellasti
642 1432 678 1491 ἱ)
732 1426 905 1510 quod
960 1451 1153 1494 nemo
1206 1435 1337 1494 nisi
1392 1439 1502 1495 aut
1559 1431 2027 1503 honestissimo
2082 1435 2192 1491 aut

269 1521 676 1582 amicissimo
706 1523 917 1584 facere
948 1525 1308 1584 consuevit.
1349 1526 1444 1584 19.
1483 1524 1620 1594 Qua
1656 1523 1723 1582 in
1745 1540 1812 1583 re
1843 1522 2002 1581 mihi
2034 1521 2189 1581 ridi·
2228 1568 2233 1574 .

269 1612 422 1672 cule
443 1628 512 1672 es
549 1612 729 1672 visus
754 1629 899 1673 esse
936 1613 1335 1688 inconstanS,
1361 1614 1469 1690 qui
1502 1613 1808 1692 eumdem
1836 1615 1897 1672 et
1925 1611 2193 1671 laederes

270 1707 339 1762 et
372 1700 673 1762 laudares
706 1703 749 1774 ⁷,
787 1705 851 1762 et
874 1703 1088 1762 virum
1121 1703 1463 1780 optimum,
1495 1707 1557 1763 et
1585 1703 1920 1762 hominem
1952 1701 2193 1777 impro-

269 1791 630 1851 bissimum
658 1806 802 1851 esse
835 1791 1106 1852 diceres.
1141 1792 1461 1852 Eumdem
1492 1796 1560 1850 tu
1591 1796 1654 1851 et
1686 1790 1962 1850 honoris
1997 1807 2195 1850 causa

274 1878 651 1958 appellabas
685 1884 749 1940 et
764 1881 976 1940 virum
1000 1882 1383 1958 primarium
1415 1898 1561 1941 esse
1580 1879 1840 1939 dicebas
1859 1883 1920 1939 et
1942 1879 2195 1939 socium

273 1968 617 2031 fraudasse
645 1970 961 2047 arguebas
991 1972 1002 2030 l
1035 1970 1181 2044 Sed,
1230 1975 1305 2031 ut
1344 1971 1598 2049 opinor,
1646 1968 1905 2030 laudem
1945 1968 2195 2029 veritati

273 2060 639 2132 tribuebaS,
697 2060 943 2126 crimen
1003 2060 1221 2138 gratiae
1281 2060 1685 2121 concedebas
1716 2077 1729 2118 ε
1801 2059 1877 2119 (16
1927 2060 2077 2132 hoc,
2126 2062 2199 2117 ut

277 2149 724 2223 existimabaS,
770 2150 1188 2226 praedicabaS,
1236 2151 1510 2211 Chaereae
1570 2150 1880 2211 arbitratu
1933 2165 2198 2209 causam

276 2239 540 2317 agabae.
1718 2263 1723 2268 ’

362 2355 496 2415 VII.
532 2356 877 2440 Fraudavit
926 2356 1254 2417 Rosciusl
1305 2359 1415 2417 Est
1455 2357 1579 2417 hoc
1628 2355 1890 2434 quidem
1940 2355 2204 2415 auribus

279 2445 658 2522 animisque
730 2447 1026 2506 omnium
1084 2447 1437 2507 absurdum
1469 2447 1511 2506 ⁸.
1589 2446 1774 2520 Quid,
1830 2446 1886 2504 si
1942 2444 2202 2504 tandem

2063 296 2173 352 117
2262 338 2265 347 ,

337 2633 376 2674 1.
411 2629 548 2670 Curia
576 2630 653 2684 (de
687 2632 890 2682 cmm-iria,
927 2643 1037 2674 cum
1071 2633 1184 2686 vir),

279 2682 490 2727 reunion
524 2684 785 2727 d'hommes
825 2687 1195 2739 accomplissant

281 2738 357 2780 les
381 2737 562 2781 memes
584 2737 826 2781 sacrifices
848 2737 969 2780 dans
992 2751 1058 2782 un
1080 2742 1193 2782 tem-

280 2791 359 2845 ple
375 2803 384 2839 ;
403 2791 447 2832 16
465 2792 636 2844 temple
651 2791 714 2833 οὺ
731 2803 759 2834 a
778 2792 880 2834 lieu
895 2791 943 2834 la
962 2793 1165 2836 reunion
1181 2806 1190 2842 ;

281 2843 431 2893 enfin,
464 2844 505 2886 le
538 2844 675 2887 senat
699 2845 779 2898 qui
817 2856 866 2887 se
898 2841 1057 2889 renuit
1077 2846 1195 2888 dans

283 2908 353 2939 un
377 2898 548 2950 temple
570 2909 632 2941 ou
653 2898 792 2941 curia.

337 2949 378 2993 2.
410 2950 758 3000 Abstinentiam,
790 2952 833 2995 le
860 2950 1196 2996 desinteresse-

282 3007 420 3046 ment
436 3003 492 3046 de
514 3005 639 3047 celui
655 3006 736 3060 qui
758 3016 808 3048 se
833 3006 949 3048 tient
969 3006 1066 3047 loin
1084 3006 1195 3060 (abs,

282 3057 437 3110 teneo)
469 3057 525 3100 de
564 3059 667 3100 tout
700 3058 840 3101 exces
878 3070 939 3101 ou
973 3059 1031 3101 de
1070 3061 1197 3102 toute

289 3111 520 3152 occasion
541 3110 599 3154 cle
617 3110 755 3164 profit
775 3113 956 3156 illicite.

339 3165 380 3205 3.
412 3165 641 3207 Pisonem.
682 3165 728 3206 C.
757 3166 1043 3219 Calpurnius
1084 3166 1199 3208 Piso

282 3218 404 3261 etait
455 3217 499 3260 16
544 3217 691 3272 judeae
730 3218 793 3262 du
835 3219 1015 3274 proces,
1062 3218 1200 3274 apres

284 3272 422 3315 avoir
447 3268 519 3314 ete
540 3272 724 3313 arbiter.
756 3274 871 3315 Voir
893 3284 935 3326 p.
957 3272 1051 3316 115.

341 3328 380 3366 4.
413 3325 592 3367 Saturi.
627 3326 680 3366 P.
710 3326 948 3373 Saturius,
971 3328 1012 3368 le
1043 3323 1203 3369 defen-

284 3390 403 3422 seur
442 3378 500 3421 de
535 3379 770 3428 Faunine,
812 3378 1081 3433 represents
1116 3390 1200 3433 par

281 3431 486 3475 ciceron
520 3443 707 3476 comme
741 3444 804 3475 un
839 3430 1062 3476 mechant
1096 3444 1203 3475 avo-

282 3490 380 3536 cat,
403 3497 471 3528 un
497 3490 736 3535 veterator,
760 3489 831 3529 est
854 3488 968 3534 mis,
1001 3498 1063 3529 au
1097 3498 1204 3529 con-

285 3542 454 3588 traire,
477 3550 536 3582 au
561 3539 760 3582 nombre
781 3541 860 3583 des
876 3542 1014 3594 juges
1031 3540 1205 3583 intelli·

289 3598 434 3648 geals
477 3597 522 3635 et
562 3593 774 3646 integre-s
812 3594 932 3636 dans
969 3595 1012 3636 la
1058 3604 1203 3636 cause

1303 2633 1642 2687 d’Oppianicus
1654 2633 1759 2687 (Pro
1773 2630 2205 2681 Cluenti0,xxxvx11,

1300 2685 1404 2736 107;
1427 2698 1537 2734 bxv,
1560 2685 1668 2740 182).

1354 2739 1395 2783 5.
1431 2739 1600 2780 Contra
1648 2740 1761 2780 hunc
1802 2739 1937 2787 venis,
1983 2749 2207 2781 sous—en-

1299 2793 1445 2837 tendu
1464 2794 1509 2833 in
1517 2791 1752 2853 judicium.
1766 2792 1885 2834 C’est
1898 2791 2205 2845 l'expression

1301 2857 1571 2889 consacree.
1584 2846 1654 2887 Cf.
1676 2847 1768 2887 Pro
1784 2844 1997 2896 Murena,
2016 2857 2084 2892 iv,
2099 2844 2126 2887 9
2147 2859 2157 2885 :
2180 2876 2208 2889 ..

1302 2900 1427 2941 illum
1473 2901 1614 2953 ipsum
1650 2912 1776 2954 quem
1823 2903 1979 2938 contra
2016 2899 2208 2947 veneri33

1303 2953 1520 3006 Philipp,
1554 2953 1614 3002 ΙΙ,
1640 2965 1693 2999 11,
1725 2955 1751 2994 3
1777 2966 1787 2992 :
1822 2951 1896 2992 Αη
1930 2964 2010 3004 eqo
2041 2964 2123 2991 non
2149 2965 2212 2992 re-

1304 3006 1444 3048 nirem
1469 3012 1626 3047 contra
1646 3007 1892 3050 alienum...
1916 3016 1999 3044 non
2022 3005 2209 3045 venirem

1306 3065 1461 3101 contra
1491 3061 1739 3112 qratiam...
1762 3071 1848 3099 mm
1888 3058 2077 3098 venirem
2116 3070 2214 3098 con-

1308 3117 1380 3153 tra
1400 3113 1443 3153 in
1460 3112 1665 3154 ‘ur-iam...

1359 3165 1399 3208 6.
1480 3167 1630 3207 oneris
1660 3178 1810 3209 causa.
1844 3165 1938 3207 Par
1967 3165 2207 3212 honneur,

1308 3230 1422 3262 avec
1448 3230 1522 3262 res
1557 3222 1644 3262 ect.

1360 3271 1400 3315 7.
1432 3272 1503 3315 1.ae
1540 3286 1634 3314 eres
1664 3277 1709 3314 et
1747 3270 1974 3313 laudares.
2013 3273 2210 3313 Romar-

1310 3338 1429 3380 quer
1450 3326 1655 3379 l'emploi
1677 3326 1733 3368 de
1754 3322 2071 3368 l'alliteration
2093 3325 2213 3366 dans

1311 3390 1406 3422 une
1435 3379 1684 3423 antithese.
1792 3391 1796 3396 ’

1364 3434 1403 3476 8.
1420 3432 1690 3477 Absurdum.
1705 3430 2009 3485 Absurclusffle
2021 3430 2214 3483 surdus),

1313 3487 1394 3540 qui
1417 3496 1445 3528 a
1461 3497 1555 3529 une
1576 3487 1684 3529 voix
1704 3484 1875 3527 sourde
1891 3496 1952 3527 ou
1973 3484 2215 3538 desagrea-

1316 3538 1392 3582 ble
1420 3540 1557 3593 (pour
1578 3541 1644 3582 les
1676 3538 1900 3590 oreilles),
1927 3540 2007 3592 qui
2040 3537 2215 3579 semble

1319 3592 1523 3635 absurde
1554 3594 1690 3646 (pour
1720 3591 2084 3645 l'intelligence).

1911 3684 1963 3734 7.
