2570 4026
361 294 473 353 160
1087 313 1193 358 Lsss
1236 293 1533 357 vnum'NEs

217 474 222 479 ·
303 462 316 498 ι
354 464 495 522 quae
529 464 690 507 meae
718 449 867 510 fidei
891 452 908 484 ¹
943 451 1313 511 commissae
1345 453 1516 523 sunt,
1552 448 1786 509 dicere.
1828 448 2060 525 Recepi
2090 449 2271 508 enim

354 553 622 597 causam
673 539 939 612 Siciliae3
991 558 1064 601 ea
1104 558 1208 600 me
1260 539 1339 599 ad
1380 540 1502 598 hoc
1548 539 1884 613 negotium
1933 539 2272 616 provincia

355 626 637 685 attraxit.
673 629 801 706 Ego
832 632 1072 702 tamen,
1100 629 1226 688 hoc
1266 645 1461 688 onere
1507 632 1834 705 suscepto,
1867 630 1928 694 et
1965 631 2219 704 recepta
2242 630 2268 663 ²

351 731 547 774 causa
614 717 962 788 Siciliensi,
1036 719 1371 795 amplexus
1448 718 1665 776 animo
1728 732 1874 775 sum
1934 715 2267 792 aliquanto

351 805 655 880 ampliuS.
690 807 959 884 Suscepi
999 808 1175 867 enim
1212 823 1475 866 causam
1507 805 1706 865 totius
1746 803 1990 864 ordinis
2014 802 2060 881 ³,
2121 822 2267 864 sus-

351 893 492 969 cepi
542 913 806 971 causam
847 895 1069 973 populi
1135 895 1409 955 Romani
1443 896 1485 968 4,
1535 894 1706 972 quod
1760 896 2064 972 putabam
2123 899 2282 954 tum·

351 982 630 1062 denique
661 989 830 1045 recte
859 984 1139 1063 judicari
1165 1002 1383 1063 posse,
1405 985 1460 1044 si
1486 1002 1619 1044 non
1635 983 1830 1043 modo
1852 1000 2003 1045 reus
2025 985 2266 1067 impro-

350 1071 471 1131 bus
505 1074 954 1147 adduceretur,
986 1074 1098 1134 sed
1129 1074 1325 1134 etiam
1369 1074 1642 1152 diligens
1682 1091 1757 1132 ac
1798 1073 2025 1132 firmus
2070 1091 2289 1133 accu-·

353 1163 560 1219 sator5
592 1162 669 1221 ad
696 1163 1021 1239 Judicium
1060 1164 1332 1223 veniret.
1364 1166 1422 1222 2.
1459 1162 1599 1234 Quo
1631 1161 1798 1223 mihi
1829 1162 2150 1222 maturius
2183 1163 2265 1222 ad

352 1247 589 1310 Siciliae
623 1269 887 1311 causam
929 1252 1324 1312 veniendum
1366 1257 1485 1326 est,
1544 1251 1785 1312 relictis
1828 1251 2059 1311 ceteris
2116 1252 2262 1337 ejus

351 1337 539 1398 furtis
586 1357 660 1400 ac
717 1340 999 1417 flagitiis,
1052 1346 1124 1401 ut
1171 1346 1234 1401 et
1290 1342 1540 1401 viribus
1573 1356 1767 1418 quam
1825 1340 2261 1417 integerrimis

348 1444 555 1504 agere,
614 1433 676 1488 et
722 1429 800 1489 ad
851 1430 1199 1491 dicendum
1256 1431 1571 1509 temporis
1619 1430 1775 1488 satis
1826 1429 2061 1489 habere
2113 1446 2262 1506 pos-

348 1518 494 1578 sim.
658 1514 660 1517 ’

427 1609 631 1684 Atque
664 1614 1012 1688 antequam
1041 1611 1118 1671 de
1146 1610 1584 1670 incommodis
1606 1611 1839 1670 Siciliae
1863 1609 2029 1682 dico,
2054 1628 2261 1688 pauca

344 1697 504 1756 mihi
538 1697 837 1760 videntur
868 1716 1011 1759 esse
1043 1700 1119 1759 de
1146 1700 1498 1777 provinciae
1536 1699 1868 1778 dignitate,
1913 1703 2254 1771 vetustate,

344 1784 620 1847 utilitate
667 1787 958 1849 dicenda.
995 1791 1156 1873 Nam
1207 1807 1358 1850 cum
1406 1790 1701 1848 omnium
1744 1790 2073 1849 sociorum
2104 1807 2257 1867 pro-

343 1875 832 1955 vinciarumque
906 1879 1223 1939 rationem
1296 1878 1635 1954 diligenter
1687 1878 1923 1940 habere
1978 1878 2254 1952 debetiS,

343 1968 483 2025 tum
575 1966 900 2046 praecipue
969 1967 1229 2043 Siciliae,
1280 1967 1566 2046 judicer„
1624 1967 1925 2046 plurimis
1967 1969 2258 2046 justissi-

342 2054 600 2131 misque
624 2055 700 2115 de
723 2058 964 2131 causiS,
1000 2058 1312 2134 primum,
1356 2056 1528 2134 quod
1571 2058 1865 2117 omnium
1913 2059 2256 2117 nationum

341 2146 705 2204 exterarum
737 2146 1038 2225 princeps
1071 2146 1291 2206 Sicilia
1330 2162 1399 2206 se
1433 2146 1509 2204 ad
1542 2147 1894 2206 amicitiam
1928 2146 2253 2224 fidemque

340 2233 565 2311 populi
593 2235 864 2294 Romani
898 2236 1247 2313 applicavit
1266 2238 1309 2295 ⁶.
1368 2236 1582 2295 Prima
1621 2237 1938 2309 omnium,
1981 2236 2045 2295 id
2079 2236 2255 2313 quod

341 2329 798 2384 ornamentum
841 2326 1097 2403 imperii
1155 2331 1273 2399 est,
1332 2326 1670 2403 provincia
1700 2327 1719 2359 ⁷
1762 2330 1861 2385 est
1911 2325 2253 2404 appellata,

338 2412 551 2490 prima
635 2412 857 2474 docuit
930 2415 1215 2493 majores
1267 2418 1550 2484 nostrOS,
1605 2432 1802 2493 quam
1867 2416 2252 2494 praeclarum

389 2582 428 2622 1.
460 2581 609 2623 Fidei.
631 2585 695 2627 Le
717 2595 911 2627 secours
941 2585 1091 2626 moral
1116 2584 1172 2627 de
1194 2584 1240 2626 la
1348 2584 1464 2626 Voir
1484 2595 1603 2638 page
1622 2583 1689 2627 15.

339 2631 575 2688 personne
602 2635 725 2691 aqui
748 2649 810 2679 on
828 2649 877 2679 se
898 2637 968 2679 fie.
1400 2640 1441 2678 6.
1486 2637 1756 2690 Applicavit.
1806 2639 1866 2682 Ce
1915 2640 2012 2681 mot
2053 2634 2252 2692 designo

386 2689 426 2729 2.
471 2688 734 2742 Suscepto...
781 2694 973 2743 recepta.
1023 2692 1151 2732 Pour
1192 2691 1239 2733 la
1349 2702 1472 2733 ceux
1497 2692 1577 2744 qui
1607 2694 1902 2734 ontrecours
1925 2692 1953 2734 a
1971 2703 2035 2734 un
2063 2693 2251 2744 patron.

336 2738 591 2785 difference
625 2744 681 2786 de
718 2754 829 2787 sens
858 2746 989 2786 entre
1008 2745 1173 2797 recipio
1194 2746 1240 2786 et
1348 2745 1416 2785 Cf.
1438 2743 1502 2784 De
1526 2744 1727 2795 Oratore,
1752 2747 1787 2794 Ι,
1811 2756 1982 2794 xxmx,
2004 2747 2081 2786 177
2099 2758 2108 2784 ι
2129 2745 2180 2784 si
2204 2758 2256 2786 se

331 2795 536 2888 ειιδὲίιᾶξο,
549 2797 653 2857 yoir
674 2797 719 2839 la
733 2799 840 2859 note
857 2797 883 2840 5
897 2798 952 2839 cle
975 2798 1022 2840 la
1038 2808 1155 2852 page
1168 2796 1235 2840 92.
1350 2796 1411 2858 agi
1435 2797 1627 2850 aliquem
1652 2799 1782 2851 quasi
1789 2802 2031 2851 patronum
2050 2799 2255 2851 applica-

331 2849 776 2946 1⁹03'dreogglffat27rcgle
785 2851 952 2946 1ξέοᾷἰέ
969 2851 1239 2954 ιὲἓΐὲἓῐίἒῗ·
1349 2854 1718 2945 mssessrovincia.
1746 2905 1815 2947 La
1834 2905 1977 2947 Sicile
1998 2905 2070 2947 sut
2085 2905 2134 2947 la
2149 2892 2256 2959 pre-

332 2954 358 2995 ἐι
383 2966 528 2997 cause
554 2956 610 2998 de
633 2956 678 2998 la
703 2954 941 3010 partialite
962 2958 1018 3000 de
1044 2967 1164 2999 ceux
1180 2957 1239 2999 de
1348 2956 1495 2999 miei-e
1534 2958 1757 3009 province
1791 2959 2031 3001 romaine:
2059 2969 2118 3000 en
2151 2959 2250 3009 241,

331 3018 408 3049 ses
438 3010 675 3052 membres
706 3011 788 3064 qui
819 3007 1081 3065 siegeaient
1117 3010 1237 3052 dans
1348 3011 1498 3053 Rome
1524 3011 1718 3064 conquit
1742 3011 1770 3053 a
1794 3012 1840 3054 la
1861 3013 1984 3055 suite
2008 3011 2065 3055 de
2086 3011 2255 3065 lapre-

339 3062 406 3103 les
429 3062 705 3104 tribunaux.
1349 3063 1496 3106 miere
1519 3075 1688 3118 guerre
1719 3066 1932 3119 punique
1955 3067 2054 3107 tout
2077 3075 2128 3107 ce
2156 3077 2251 3119 que

376 3114 591 3168 4.Populi
607 3116 795 3157 Romani
805 3117 893 3170 (les
905 3115 1121 3160 derniers
1144 3117 1238 3160 edi-
1347 3116 1416 3159 les
1439 3118 1771 3172 Carthaginois
1798 3116 2100 3171 possedaient
2126 3118 2253 3160 dans

323 3169 454 3209 teurs
467 3169 930 3221 admettentlalecou
941 3170 1006 3212 rei
1014 3170 1235 3231 publicae).
1347 3169 1439 3212 l'ile
1461 3184 1470 3219 ;
1494 3171 1542 3212 la
1564 3169 1628 3211 fin
1650 3171 1706 3213 de
1733 3172 1778 3214 la
1803 3171 2055 3214 deuxieme
2077 3183 2251 3226 guerre

330 3221 397 3262 La
436 3231 580 3264 cause
617 3223 679 3265 du
713 3223 880 3277 peuple
926 3234 1112 3265 romain
1136 3236 1146 3263 :
1174 3235 1234 3266 en
1345 3225 1559 3277 punique
1586 3225 1651 3265 lui
1680 3224 1837 3270 donna
1863 3226 1905 3267 Ie
1928 3226 2050 3267 reste
2071 3235 2130 3268 en
2152 3227 2251 3267 212.

325 3272 448 3322 effa,
489 3276 531 3316 le
575 3277 741 3339 peuple
785 3277 970 3318 romain
1003 3277 1234 3319 attendait
1342 3298 1396 3308 —
1419 3277 1552 3319 Dans
1590 3277 1789 3319 l'Orator
1813 3281 1947 3331 (Lxu,
1975 3277 2086 3331 210),
2119 3277 2253 3321 Cice·

326 3337 445 3379 pour
476 3339 525 3368 se
545 3331 825 3372 reconcilier
864 3341 976 3371 avec
1012 3331 1053 3371 le
1088 3327 1233 3373 Seu-at
1341 3340 1425 3371 ron
1454 3331 1544 3372 fait
1574 3331 1779 3372 allusion
1807 3343 1833 3373 a
1859 3334 1933 3374 cet
1961 3328 2092 3385 eloge
2114 3331 2171 3372 de
2202 3333 2251 3375 la

326 3390 416 3432 que
431 3380 660 3434 lajustice
677 3384 752 3424 fut
774 3383 1040 3425 redevenue
1059 3385 1230 3436 impar-
1340 3384 1484 3425 Sicile
1506 3398 1520 3422 .·
1543 3382 1810 3424 Adhibenda
1836 3389 1904 3426 est
1930 3384 2071 3439 iyitur
2101 3397 2254 3424 nume-

330 3433 438 3474 tiale
459 3439 504 3474 et
535 3431 695 3477 severe
716 3446 900 3478 comme
925 3437 1173 3478 autrefois.
1337 3448 1443 3477 rosa
1480 3438 1641 3485 oratio,
1668 3438 1709 3477 si
1749 3441 1828 3478 aut
1872 3435 2145 3479 laudandum
2179 3444 2251 3479 est

377 3489 415 3525 5.
486 3487 746 3530 Accusator.
812 3491 884 3530 Un
946 3492 1226 3533 accusateur
1337 3488 1514 3543 aliquid
1553 3492 1774 3541 ornatius,
1802 3496 1852 3531 ut
1883 3503 1963 3532 nos
1992 3490 2037 3530 in
2066 3503 2252 3532 accusa—

326 3539 477 3580 fermc
506 3544 551 3581 et
578 3542 778 3596 diligent
801 3543 882 3596 qui
904 3553 963 3584 ne
984 3544 1060 3585 fut
1088 3544 1135 3584 ni
1159 3556 1223 3585 un
1337 3544 1475 3584 tionis
1499 3543 1690 3585 secundo
1710 3542 1766 3586 de
1789 3544 1956 3587 Siciliae
1977 3542 2108 3584 laude
2128 3542 2251 3585 climi-

325 3604 434 3643 puer
465 3592 639 3643 nob-ilis,
683 3597 732 3637 ni
779 3608 844 3638 un
882 3595 1222 3649 quadr-afflator.
1333 3610 1443 3638 mim.
