2570 4026
367 272 566 355 Ὶίῗέὶῖ”
600 268 619 314 ³
801 270 1314 356 ³1AEs³ffisctiuas
1358 312 1434 354 DE
1476 312 1787 356 JEUNESSE-
1822 339 1825 344 .

370 448 719 525 quemdam
751 448 1284 507 Tarracinensem
1311 448 1717 527 &hominem
1752 464 1884 505 non
1909 447 2292 523 obscurum,
2360 436 2370 444 ’

277 532 282 537 “
366 555 513 598 cum
548 542 816 597 cenatus
848 537 1142 596 cubitum
1170 538 1238 596 in
1264 537 1436 596 idem
1465 537 1772 596 conclave
1795 537 1817 571 ²
1848 554 1999 596 cum
2033 536 2294 597 duobus

364 626 894 687 adulescentibus
927 627 1079 685 filiis
1110 626 1289 698 isset,
1325 626 1661 684 inventum
1695 643 1840 686 esse
1867 642 2060 687 mane
2082 627 2306 704 jugu-.

361 718 585 776 latum.
604 717 765 779 Cum
786 733 993 792 neque
1018 732 1243 775 servus
1263 716 1612 792 quisquam
1633 715 2044 792 reperiretur,
2070 733 2287 794 neque

359 806 543 874 liber,
582 805 660 864 ad
678 822 873 882 quem
899 821 974 864 ea
995 804 1282 882 suspicio
1301 804 1674 881 pertineret,
1695 804 1759 864 id
1782 805 1987 865 aetatis
2015 806 2035 839 ²³
2063 811 2286 865 autem

361 894 490 954 duo
522 895 639 954 filii
661 899 925 974 propter
948 894 1260 953 cubantes
1291 909 1372 952 ne
1401 894 1687 954 sensisse
1716 894 1978 970 quidem
2011 911 2080 954 se
2104 894 2287 956 <dice-

359 988 519 1059 rent,
550 985 819 1049 nomina
849 983 1130 1043 filiorum
1161 982 1240 1042 de
1269 981 1619 1059 parricidio
1638 982 1848 1042 delata
1872 982 1896 1018 ⁴
1927 988 2100 1045 sunt.
2119 984 2288 1055 Quid

359 1066 610 1151 poterat
662 1078 793 1134 tam
849 1088 992 1132 esse
1048 1072 1493 1150 suspiciosum
1527 1068 1556 1129 ‘2
1608 1076 2001 1133 neutrumne
2056 1074 2076 1107 ⁵
2132 1090 2290 1134 sen-

361 1164 525 1222 sisse
551 1166 581 1223 ?
632 1176 868 1222 ausum
917 1165 1138 1221 autem
1183 1178 1324 1221 esse
1372 1178 1767 1238 quemquam
1809 1179 1879 1221 se
1922 1162 1989 1223 in
2028 1163 2092 1223 id
2132 1180 2295 1223 con-

361 1253 537 1312 clave
564 1252 996 1324 committere,
1029 1267 1104 1311 eo
1147 1251 1575 1328 potissimum
1615 1255 1930 1328 tempore,
1979 1270 2129 1313 cum
2168 1252 2292 1312 ihi—

361 1342 509 1402 dem
562 1344 784 1401 essent
826 1340 954 1400 duo
1015 1331 1469 1400 adulescentes
1510 1338 1651 1412 filii,
1697 1341 1807 1417 qui
1846 1344 1909 1400 et
1947 1341 2186 1401 sentire
2222 1345 2294 1402 et

360 1430 704 1491 defendere
738 1429 923 1490 facile
952 1432 1223 1506 possent
1251 1429 1281 1487 ἵ)
1314 1430 1460 1488 Erat
1480 1446 1673 1506 porro
1709 1430 1730 1463 ⁶
1756 1447 1977 1503 neme,
2003 1431 2070 1489 in
2088 1447 2293 1507 quem

363 1538 436 1580 ea
468 1519 753 1596 suspicio
786 1518 1181 1579 conveniret.
1218 1519 1316 1576 65.
1354 1520 1616 1592 Tamen,
1643 1536 1793 1578 cum
1818 1517 2095 1595 planum
2108 1519 2293 1596 jndi-

364 1608 617 1668 dicibus
667 1613 839 1668 esset
903 1608 1150 1667 factum
1208 1610 1431 1683 aperto
1491 1608 1659 1667 ostio
1711 1604 2114 1668 dormientes
2152 1626 2287 1668 eos

364 1700 651 1775 repertos
694 1714 858 1771 esse,
898 1696 1149 1774 judicio
1194 1695 1478 1756 absoluti
1521 1696 1991 1771 adulescentes,
2041 1703 2102 1758 et
2142 1714 2296 1757 sus-

365 1787 623 1864 picione
686 1787 864 1846 omni
921 1786 1173 1845 liberati
1236 1790 1409 1845 sunt.
1454 1782 1676 1846 ¹Nemo
1745 1776 1919 1846 enim
1980 1786 2248 1864 putabat
2269 1834 2289 1860 ,

369 1892 761 1953 quemquam
785 1893 949 1948 esse,
976 1876 1111 1952 qui,
1138 1893 1289 1934 cum
1312 1875 1531 1945 omnia
1553 1875 1770 1934 divina
1791 1877 2291 1953 atquehumana

360 1967 510 2043 jura
529 1962 771 2025 scelere
800 1964 1047 2025 nefario
1080 1965 1450 2043 polluisset,
1485 1980 1792 2025 somnum
1812 1967 2029 2026 statim
2050 1983 2289 2043 capere

365 2056 705 2132 potuisset,
742 2059 1085 2133 propterea
1120 2055 1293 2131 quod
1313 2055 1424 2132 qui
1446 2057 1698 2115 tantum
1726 2055 1981 2115 facinus
2003 2057 2291 2115 commi-³

367 2150 614 2217 serunt,
648 2163 777 2205 non
809 2144 1007 2204 modo
1042 2145 1178 2204 sine
1202 2158 1360 2204 cura
1388 2144 1749 2221 quiescere,
1779 2146 1893 2205 sed
1923 2163 2003 2204 ne
2035 2148 2289 2222 spirare

366 2236 631 2311 quidem
654 2236 793 2294 sine
819 2238 997 2293 metu
1030 2237 1325 2310 possunt.
1938 2263 1943 2267 ·

445 2351 656 2411 XXIV.
696 2353 793 2410 66.
842 2351 1193 2422 Videtisne,
1221 2368 1386 2427 quos
1413 2349 1602 2410 nobis
1625 2355 1831 2429 poetae
1860 2351 2288 2428 tradiderunt,
2344 2353 2357 2360 '

368 2442 570 2519 patris
596 2440 953 2502 ulciscendi
995 2458 1212 2514 causa,
1255 2441 1653 2518 supplicium
1691 2440 1768 2500 de
1807 2445 2012 2500 matre
2062 2459 2256 2520 sump
2282 2478 2296 2487 -
2386 2443 2391 2450 '

368 2531 555 2604 sisse,
604 2545 755 2589 cum
806 2529 1169 2606 praesertim
1218 2528 1490 2589 deorum
1550 2530 2024 2589 immortalium
2075 2531 2290 2606 jussis

369 2624 558 2696 atque
619 2619 897 2678 oraculis
964 2618 1029 2677 id
1086 2618 1322 2678 fecisse
1389 2618 1706 2691 dicantur,
1778 2623 1995 2679 tamen
2042 2623 2116 2679 ut
2167 2638 2288 2681 eos

373 2708 613 2786 agitent
644 2708 891 2767 Furiae⁷
932 2725 1144 2784 neque
1190 2708 1548 2769 consistere
1599 2723 1885 2784 unquam
1933 2708 2289 2785 patiantur,

415 2867 456 2913 1.
494 2865 870 2910 Tarracinensem.
895 2868 973 2910 Un
1006 2867 1191 2922 citoyen
1211 2867 1268 2911 (fe
1378 2869 1631 2923 technique
1659 2868 1717 2912 de
1743 2869 2122 2923 jurisprudence.
2152 2883 2176 2912 κ
2204 2869 2290 2915 ἀέ-

362 2921 836 2973 Terracine,villedu
859 2923 1269 2967 l,atium,ancien-
1378 2933 1557 2965 noncer
1587 2923 1845 2977 quelqu'un
1876 2937 1914 2966 ›>.
1948 2923 2062 2966 D'ol'l
2089 2923 2288 2979 delator,

361 2979 554 3020 uenient
584 2975 799 3019 nomrnee
831 2977 1013 3016 Anxur.
1049 2977 1180 3017 Nous
1210 2988 1269 3018 ne
1378 2976 1544 3019 «celui
1573 2977 1653 3030 qui
1683 2976 1893 3019 denonce
1922 2987 1961 3018 )).

361 3030 619 3083 possesione
649 3040 734 3082 pas
773 3029 954 3074 d'autre
997 3030 1268 3082 renseigne-
1430 3029 1471 3073 5.
1505 3029 1621 3079 Quid
1639 3034 1819 3082 poterat
1841 3034 1931 3070 tam
1952 3043 2047 3072 esse
2075 3030 2294 3084 saepit-2⁴0-

361 3086 491 3125 ment
536 3093 618 3127 sur
658 3083 827 3127 Caelius
875 3082 931 3124 de
988 3083 1266 3130 Terracine;
1379 3082 1508 3122 snm?
1543 3087 1853 3124 neutrumne...
1900 3084 2180 3137 conjecture
2229 3087 2293 3130 de

358 3136 757 3180 Valere-Maxime
778 3135 930 3188 (VIII,
962 3148 993 3185 1,
1024 3135 1086 3189 13)
1110 3147 1265 3190 repro·
1381 3136 1574 3189 Madvig
1608 3136 1961 3191 generalement
1991 3137 2201 3192 adoptee.
2228 3142 2291 3186 Ce

362 3191 465 3232 duit
487 3190 528 3231 lc
552 3191 667 3233 revit
692 3189 749 3232 de
775 3188 986 3231 Ciceron.
1380 3199 1578 3244 passage
1604 3192 1674 3232 est
1702 3190 1946 3243 reproduit
1973 3202 2087 3238 avec
2107 3193 2191 3234 dos
2226 3194 2291 3236 la-

410 3244 452 3287 2‚
488 3243 701 3285 (vnn-lawe
734 3243 903 3296 (clavis.
936 3242 1046 3294 cles)
1072 3242 1263 3296 designo
1375 3254 1523 3286 cunes
1570 3242 1688 3285 dans
1737 3243 1806 3286 les
1847 3243 2006 3287 divers
2043 3256 2182 3296 mss.;
2218 3248 2291 3291 les

359 3295 722 3350 l’apparte-uwnt
784 3295 899 3339 dont
970 3297 1123 3338 tontes
1195 3297 1263 3340 les
1375 3297 1636 3339 anciennes
1702 3297 1911 3340 editions
1973 3301 2054 3342 ont
2105 3313 2113 3339 :
2169 3299 2292 3349 (mid

359 3349 611 3393 chambre-s
656 3353 762 3393 sont
801 3360 913 3391 sous
963 3360 1055 3392 une
1109 3352 1262 3393 meme
1321 3359 1325 3364 '
1371 3349 1697 3404 postea?E’rat
1726 3363 1834 3392 sime
1861 3353 2149 3405 suspiciosum
2180 3366 2290 3395 neee-

355 3404 463 3446 cles.
1375 3408 1509 3446 trum.
1546 3422 1548 3426 ⁷

407 3467 446 3509 3.
479 3466 727 3528 Ictffjtatia,
750 3462 1032 3528 hellenisme
1063 3477 1181 3519 pour
1210 3479 1260 3506 ea
1425 3466 1465 3509 6.
1496 3467 1640 3508 Porro
1680 3458 1901 3530 (πόρρω)
1940 3479 2049 3518 «or,
2080 3468 2202 3510 donc
2237 3481 2280 3512 n.

358 3525 508 3564 :platon
538 3531 597 3562 ici
626 3531 650 3560 tt
682 3520 1112 3572 tellementjeunes
1140 3533 1179 3560 n.
1423 3527 1464 3572 7,
1504 3530 1689 3583 ,49510227
1752 3529 1914 3574 Iram-532,
1969 3530 2187 3573 Allusmn
2252 3530 2279 3573 ἡ

403 3582 441 3624 4.
475 3582 650 3623 Delam.
685 3583 869 3636 Defert-e
900 3595 1073 3634 nomen,
1116 3586 1260 3626 terme
1372 3584 1533 3626 Oreste
1577 3584 1657 3637 qui
1699 3587 1778 3627 lua
1826 3595 1877 3626 sa
1910 3584 2037 3626 mere
2077 3584 2280 3638 Clytem-
