2570 4026
399 343 544 414 1508
1109 361 1212 408 Las
1259 355 1667 417 PHILIPPIQUES
1694 387 1699 392 ,

426 502 715 574 consule,
743 499 971 570 allatae,
996 503 1057 556 et
1079 498 1230 558 huic
1259 499 1469 559 ordini
1491 502 1770 559 recitatae
1795 498 2066 572 sunt,.de
2085 517 2160 560 ea
2175 518 2241 561 re
2262 500 2349 562 ita

427 607 661 651 censeo
698 607 712 649 :
753 613 779 643 «
811 590 969 649 Cum
1002 589 1072 658 Q.
1110 589 1427 667 Caepionis
1455 590 1654 662 Bruti,
1690 607 1804 666 pro
1834 588 2101 649 consule
2125 608 2344 668 opera,

426 678 726 751 consilio,
777 676 1116 740 industria,
1172 679 1434 751 virtute,
1488 677 1875 738 difficillimo
1929 680 2021 738 rei
2071 680 2347 757 publicae

425 773 737 844 tempore,
801 767 1137 843 provincia
1206 766 1601 836 Macedonia,
1677 765 2031 843 Illyricum,
2116 773 2353 829 cuncta

426 857 671 917 Grzecia
702 860 763 915 et
789 855 1101 931 legioneS,
1126 858 1473 930 exercitUS,
1499 858 1848 934 equitatUS,
1882 858 1947 915 in
1968 855 2346 932 consulum,

427 951 692 1007 senatus
731 945 1083 1023 populique
1128 944 1403 1004 Romani
1436 949 1752 1024 potestate
1793 946 1946 1018 sint,
1996 946 2059 1006 id
2097 947 2170 1017 Q.
2221 948 2353 1007 Cae-

426 1037 689 1115 pionem
740 1035 1032 1107 Brutum,
1076 1051 1192 1110 pro
1232 1036 1527 1109 consule,
1564 1036 1749 1108 bene,
1795 1041 1858 1095 et
1891 1052 1924 1095 e
1955 1053 2022 1095 re
2061 1035 2349 1113 publica,

427 1145 542 1203 pro
587 1142 705 1185 sua
747 1124 1208 1201 majorumque
1243 1141 1514 1185 suorum
1559 1124 1891 1202 dignitate,
1934 1125 2356 1185 consuetudi-

429 1233 638 1292 neque
689 1214 781 1274 rei
829 1212 1107 1291 publicae
1157 1215 1321 1272 hene
1361 1214 1659 1290 gerendae
1706 1214 1964 1283 fecisse,
2016 1231 2161 1274 eam
2209 1232 2353 1274 rem

430 1304 680 1365 senatui
752 1301 1126 1380 populoque
1183 1303 1475 1363 Romano
1529 1307 1777 1380 gratam
1841 1319 2013 1381 esse,
2073 1307 2137 1364 et
2184 1303 2350 1365 fore.

428 1396 526 1454 26.
579 1393 812 1470 Utique
870 1392 940 1462 Q.
986 1391 1195 1468 Caepio
1258 1393 1516 1464 Brutus,
1580 1410 1696 1469 pro
1756 1393 2043 1468 consule,
2101 1396 2360 1472 provin-

430 1486 595 1545 ciam
641 1477 1101 1555 Macedoniam,
1153 1481 1508 1558 Illyricum,
1555 1487 1984 1560 cunctamque
2034 1484 2356 1544 Graeciam

429 1578 703 1646 tueatur,
726 1571 1049 1643 defendat,
1072 1571 1417 1646 custodiat,
1440 1572 1966 1650 incolumemque
1984 1579 2354 1648 conservet,

430 1663 630 1740 eique
672 1662 1008 1734 exercitui,
1067 1678 1264 1738 quem
1312 1663 1452 1740 ipse
1502 1664 1860 1735 constituit,
1925 1666 2351 1740 comparavit,

427 1753 672 1831 praesit,
724 1752 1127 1828 pecuniaque
1180 1750 1258 1809 ad
1311 1768 1448 1810 rem
1493 1751 1865 1826 militarem,
1905 1754 1959 1811 si
2009 1770 2136 1829 qua
2185 1770 2358 1830 opus

428 1845 533 1917 sit,
573 1860 715 1920 quae
760 1842 1021 1918 publica
1063 1842 1169 1912 sit,
1214 1843 1278 1900 et
1335 1840 1503 1918 exigi
1549 1843 1778 1918 possit,
1832 1844 2069 1915 utatur,
2104 1843 2358 1920 exigat-

430 1949 553 2010 que
585 1931 922 2009 pecunias,
963 1946 999 1988 a
1039 1930 1276 2006 quibus
1319 1928 1631 2003 videatur,
1673 1930 1751 1988 ad
1787 1948 1924 1990 rem
1974 1930 2355 2002 militarem,

430 2011 690 2082 mutuas
715 2023 731 2055 ¹
759 2025 994 2093 sumat,
1031 2020 1565 2098 frumentumque
1594 2021 1868 2097 imperet
1888 2022 1931 2093 ²,
1957 2038 2361 2099 operamque

436 2113 564 2186 det,
599 2117 671 2172 ut
700 2127 850 2172 cum
883 2111 1021 2170 suis
1058 2110 1263 2188 copiis
1296 2127 1489 2186 quam
1517 2112 1811 2187 proxime
1843 2110 2090 2170 Italiam
2125 2112 2230 2172 sit.

512 2203 802 2280 Cumque
840 2219 917 2260 ex
948 2200 1181 2261 litteris
1215 2199 1287 2270 Q.
1323 2200 1639 2276 Caepionis
1672 2201 1872 2273 Bruti,
1912 2218 2028 2277 pro
2056 2202 2357 2276 consule,

435 2290 841 2351 intellectum
886 2291 991 2361 sit,
1035 2290 1107 2361 Q.
1152 2289 1478 2348 Hortensii
1504 2287 1548 2365 ³,
1585 2307 1701 2366 pro
1734 2289 2029 2364 consule,
2072 2308 2270 2367 opera
2296 2298 2363 2352 et

432 2382 667 2443 virtute
707 2382 1127 2441 vehementer
1145 2397 1282 2440 rem
1306 2379 1636 2457 publicam
1658 2380 1757 2458 adj
1770 2385 1968 2452 utam,
1999 2382 2359 2460 omniaque

431 2472 573 2547 ejus
605 2471 878 2531 consilia
907 2488 1059 2530 cum
1081 2468 1376 2530 consiliis
1399 2470 1469 2539 Q.
1497 2469 1814 2546 Caepionis
1836 2470 2036 2544 Bruti,
2063 2489 2183 2549 pro
2204 2490 2364 2532 con-

437 2562 606 2632 sule,
634 2561 984 2638 conjuncta
1025 2561 1253 2628 fuisse,
1300 2575 1568 2635 eamque
1607 2576 1744 2619 rem
1794 2576 2032 2636 magno
2073 2560 2224 2621 usui
2266 2563 2366 2622 rei

439 2650 717 2726 publicae
749 2649 974 2722 fuisse,
1009 2648 1079 2719 Q.
1118 2648 1560 2721 Hortensium,
1594 2665 1709 2725 pro
1741 2649 2033 2722 consule,
2074 2654 2249 2709 recte
2296 2656 2366 2710 et

432 2739 678 2813 ordine,
705 2755 910 2815 exque
955 2755 1020 2797 re
1064 2737 1324 2816 publica
1362 2736 1618 2810 fecisse,
1649 2737 2032 2814 senatuique
2070 2738 2359 2817 placere,

430 2827 499 2898 Q.
551 2829 989 2900 Hortensium,
1055 2845 1170 2904 pro
1208 2825 1503 2898 consulo,
1560 2843 1710 2885 cum
1761 2831 2104 2904 quaestore,
2158 2846 2365 2905 prove

429 2994 487 3043 Q.
524 2996 753 3038 Servilius
792 2994 962 3048 Caepio.
998 2994 1040 3037 16
1083 2994 1335 3037 meurtrier
1449 2994 1539 3035 mal
1571 2991 1745 3047 (Epist.
1793 2992 1854 3033 ad
1894 2993 2055 3042 Attio„
2090 2994 2154 3041 X.
2190 3007 2259 3048 w,
2298 2997 2365 3040 62

429 3050 485 3091 do
507 3049 645 3092 Cesar
677 3049 822 3102 prend
844 3048 964 3090 dans
992 3048 1061 3090 les
1095 3052 1224 3090 actes
1249 3059 1334 3102 pu·
1445 3047 1675 3089 Natura...
1718 3046 1957 3089 Hortensii
1995 3048 2187 3102 filium...
2211 3063 2372 3093 corru-

431 3103 547 3145 l›lics
587 3104 628 3145 le
667 3114 776 3144 nom
827 3102 881 3144 de
919 3103 978 3151 Q.
1023 3102 1177 3155 Caepio
1217 3103 1336 3143 Bru-
1438 3101 1591 3151 μι“ι;-
1611 3112 1745 3151 xvm,
1778 3103 1797 3142 1
1833 3114 1842 3141 :
1875 3102 2198 3164 [Hortensius]
2233 3104 2367 3148 homo

429 3160 523 3198 tus.
1444 3155 1753 3207 nequissimus,
1805 3156 1922 3209 etc.)
1961 3156 2206 3199 combattnt
2236 3157 2368 3201 dans

484 3211 526 3253 1.
569 3209 771 3250 Maenas.
805 3208 923 3251 C’cst
981 3208 1336 3251 l’autorisatiou
1449 3206 1638 3250 l'armee
1665 3208 1720 3250 de
1746 3207 1909 3257 Cesar,
1944 3219 2000 3250 611
2020 3206 2095 3252 ᾎ9.
2134 3210 2303 3263 1411144,
2329 3214 2367 3256 il

429 3263 486 3305 de
521 3266 786 3306 contracter
830 3265 933 3304 tous
974 3262 1042 3303 les
1087 3265 1336 3315 cmprunts
1446 3262 1656 3312 exercuit
1696 3262 1763 3304 les
1800 3262 2042 3305 fonctions
2072 3262 2129 3305 de
2160 3274 2371 3317 procon-

432 3316 544 3371 qu‘il
572 3317 638 3359 lui
666 3316 880 3370 pai-altra
899 3315 1015 3357 utile
1037 3315 1093 3358 de
1115 3316 1254 3358 faire.
1449 3313 1525 3355 sul
1557 3325 1616 3357 en
1647 3311 1951 3358 Macedoine.

483 3370 527 3413 2.
554 3370 767 3423 Imperet.
801 3370 836 3410 ΙΙ
864 3379 1040 3422 pourra
1075 3370 1237 3423 exigor
1272 3369 1337 3411 du
1500 3368 1544 3410 4.
1580 3367 1721 3408 Prone
1749 3374 1998 3421 (quaestore.
2041 3371 2103 3413 Le
2133 3376 2372 3425 questeur

433 3424 504 3466 lule
537 3435 620 3477 par
642 3424 746 3466 vole
776 3422 833 3464 do
856 3422 1158 3483 requisition.
1452 3421 1550 3474 qui,
1570 3420 1709 3475 apros
1726 3422 1860 3463 avoir
1878 3425 2101 3467 exercela
2124 3430 2364 3479 questura

484 3476 529 3519 3.
562 3478 612 3525 Q.
641 3475 892 3516 Hortensia
931 3475 1031 3517 Fils
1053 3475 1113 3517 du
1146 3474 1335 3518 celebre
1444 3474 1472 3515 a
1494 3475 1657 3525 Rome,
1690 3478 1759 3517 est
1798 3477 1977 3530 envoyc
2007 3477 2035 3519 a
2065 3478 2111 3519 la
2146 3481 2276 3523 suite
2301 3481 2371 3523 du

433 3533 636 3572 orateur.
716 3532 770 3578 Q.
833 3529 1132 3577 Hortensius,
1191 3530 1334 3583 jeune
1444 3529 1698 3579 proconsul
1726 3527 1847 3571 dans
1888 3531 1935 3572 la
1967 3531 2197 3584 province
2230 3534 2293 3575 ou
2332 3535 2367 3576 il

437 3583 622 3624 nomme
647 3579 894 3624 doliauchc
916 3582 1028 3624 dont
1049 3582 1244 3625 Cice'ron
1267 3583 1336 3625 dit
1444 3580 1661 3635 s’occupe
1683 3581 1739 3624 de
1762 3581 2183 3627 l’administraliou
2210 3586 2368 3630 finan·

436 3635 462 3675 a
493 3635 731 3689 plusieurs
763 3636 967 3689 reprises
993 3635 1035 3678 lc
1054 3636 1161 3689 plus
1185 3636 1336 3691 grand
1445 3635 1570 3678 ciere
1597 3638 1642 3678 et
1663 3638 1883 3690 pourvoit
1901 3638 2247 3692 specialement
2270 3653 2373 3695 aux
