2570 4026
915 274 986 317 LE
1034 280 1060 311 α
1110 275 1222 322 PRo
1266 274 1510 319 GAEcmA.
1540 282 1568 312 »
2081 255 2196 313 241

291 430 386 467 cas
410 412 624 479 amuel,
648 412 720 466 ils
748 414 1088 467 trouveront
1118 410 1446 482 preferable
1474 411 1545 465 de
1575 408 1886 464 s'attaoher
1914 407 1949 463 a
1977 406 2228 479 l'esprit*

289 493 436 548 dela
459 493 537 549 loi
564 523 632 534 --
663 508 727 548 oe
755 491 852 563 qui
885 488 1333 563 fera'prevaloir
1362 490 1715 562 l'equitQ—
1744 505 1821 544 ou
1851 488 1983 543 d'en
2012 486 2206 541 suivre

286 572 342 628 Ia
378 574 571 641 lettre,
611 601 684 613 —-
729 589 793 627 ee
821 572 922 643 qui
963 571 1232 628 donnera
1282 588 1402 626 une
1452 575 1689 626 entorse
1740 585 1815 625 au
1865 568 2021 623 droit
2051 566 2205 622 civil.

287 652 610 723 D'ailleurs‚
643 670 708 708 oe
738 653 889 707 n'est
920 668 1026 723 pas
1065 669 1139 707 en
1165 669 1273 723 son
1321 668 1459 707 nom
1492 650 1621 726 seul
1663 666 1775 721 que
1820 647 2068 704 l'avocat
2092 647 2205 702 s'a-

288 734 484 790 dresse
527 733 677 789 ainsi
716 750 832 788 aux
877 742 1305 803 recuperatores.
1364 733 1411 788 Il
1451 738 1541 788 est
1585 731 1700 787 alle
1751 731 2053 786 consulter
2097 745 2207 784 son

291 815 553 870 eminent
579 815 741 888 ami„
770 813 827 868 C.
870 814 1147 884 Aquilius
1185 814 1383 870 Gallus
1406 814 1451 867 ¹.
1499 812 1746 867 Ciceron
1786 810 1895 865 fait
1930 827 2012 866 un
2044 809 2205 882 eloge

289 896 616 951 affeetueux
661 900 718 950 et
756 897 893 949 emu
933 893 1004 949 de
1046 899 1138 950 oet
1176 895 1415 950 homme
1448 893 1520 948 de
1550 893 1691 948 bien
1723 891 1825 962 qui
1863 907 1897 946 a
1924 891 1983 946 la
2012 891 2204 945 meme

297 976 540 1047 opinion
570 991 684 1046 que
709 974 793 1031 lui
825 974 897 1029 de
918 974 1167 1030 l'affaire
1198 975 1270 1031 de
1303 973 1574 1036 Caecina„
2022 997 2026 1006 ·

894 1180 1121 1262 muge
1161 1191 1597 1262 d’Aqumus.

276 1375 283 1384 ‘
367 1323 607 1424 XXVII.
642 1364 792 1422 77...
845 1364 980 1425 Hoc
1031 1365 1173 1425 loeo
1218 1364 1680 1443 percommode
1728 1363 1983 1434 accidit,
2031 1362 2203 1439 quod

289 1471 421 1514 non
448 1452 630 1513 adest
676 1452 755 1525 is,
791 1453 899 1529 qui
938 1453 1131 1531 paulo
1164 1458 1311 1514 ante
1354 1454 1580 1526 adfuit,
1634 1460 1696 1513 et
1739 1454 1965 1514 adesse
2013 1451 2203 1512 nobis

290 1544 666 1621 frequenter
730 1542 797 1602 in
858 1542 977 1603 hae
1042 1560 1237 1603 causa
1295 1544 1481 1617 solet,
1549 1544 1648 1603 vir
1726 1542 2201 1613 ornatissimu8‚

291 1634 354 1693 C.
390 1631 706 1711 Aquilius.
740 1633 901 1692 Nam
941 1633 1086 1710 ipso
1133 1636 1478 1709 praesente,
1545 1633 1621 1694 de
1666 1633 1902 1692 virtute
1961 1632 2102 1708 ejus
2147 1634 2208 1690 et

287 1722 633 1801 prudentia
694 1721 987 1782 timidius
1043 1721 1361 1797 dicerem,
1417 1724 1587 1802 quod
1652 1726 1715 1783 et
1766 1722 1906 1801 ipse
1961 1720 2207 1799 pudore

290 1811 575 1890 quodam
607 1811 971 1872 afficeretur
1002 1829 1080 1873 ex
1119 1830 1237 1873 sua
1266 1813 1480 1886 laude,
1525 1816 1588 1872 et
1630 1828 1734 1872 me
1784 1812 2018 1872 similis
2046 1810 2206 1871 ratio

289 1901 558 1980 pudoris
589 1919 626 1960 a
655 1902 990 1979 praesentis
1017 1901 1203 1963 laude
1234 1904 1536 1963 tardaret.
1568 1902 1765 1980 Cujus
1804 1900 2167 1966 auctoritati
2190 1905 2208 1935 ¹

290 1990 539 2052 dictum
567 1998 665 2052 est
687 1991 764 2051 ab
782 1990 894 2052 illa
923 2008 1113 2052 eausa
1145 1991 1412 2053 concedi
1434 1992 1712 2053 nimium
1730 2009 1862 2052 non
1879 1994 2203 2070 oportere.

289 2082 435 2141 Non
463 2098 692 2141 vereor
716 2081 795 2141 de
825 2081 937 2142 tali
964 2082 1102 2141 viro
1127 2100 1208 2142 ne
1236 2084 1386 2159 plus
1414 2082 1648 2156 dicam,
1703 2099 1898 2159 quam
1939 2096 2053 2140 vos
2099 2084 2207 2140 aut

289 2170 607 2242 sentiatiS,
641 2173 749 2230 aut
778 2170 950 2248 apud
976 2188 1093 2232 vos
1124 2172 1627 2232 commemorari
1650 2170 1886 2235 velitis.
1919 2170 2015 2229 78.
2041 2170 2206 2240 Qua-

289 2263 553 2337 propter
596 2260 720 2319 hoe
761 2259 995 2334 dicam,
1026 2264 1365 2338 nunquam
1409 2261 1549 2339 ejus
1610 2259 2061 2321 auctoritatem
2107 2259 2205 2317 ni-

288 2350 500 2413 mium
531 2348 767 2418 valere,
795 2350 983 2426 cujus
1006 2350 1422 2428 prudentiam
1453 2351 1732 2428 populus
1778 2351 2107 2410 Romanus
2139 2347 2206 2406 in

290 2437 578 2499 cavendo
601 2438 646 2510 ³,
679 2456 811 2498 non
849 2438 916 2498 in
955 2438 1338 2518 decipiendo
1383 2440 1817 2518 perspexerit3
1877 2439 1986 2516 qui
2038 2438 2208 2516 juris

287 2528 502 2588 civilis
543 2528 862 2589 rationem
896 2546 1232 2607 nunquam
1279 2531 1357 2590 ab
1411 2530 1714 2607 aequitate
1743 2531 1765 2564 ⁴
1805 2527 2206 2605 sejunxerit3

289 2617 401 2695 qui
431 2621 751 2678 tot-annos
775 2618 1109 2697 ingenium
1131 2621 1173 2692 ³⁵,
1199 2619 1511 2692 laborem,
1537 2620 1733 2680 fidem
1763 2636 1949 2679 suam
1966 2617 2205 2697 populo

289 2707 578 2766 Romano
607 2713 974 2785 promptam
1020 2708 1516 2787 expositamque
1543 2709 1927 2787 praebuerit3
1973 2706 2082 2784 qui
2117 2707 2206 2767 ita

298 2919 306 2929 ‚
342 2870 380 2909 1.
412 2868 527 2910 Voir
597 2881 683 2924 age
707 2868 772 2913 83.
796 2869 1019 2924 Aquilius
1062 2870 1190 2912 avait

285 2921 355 2964 ete
403 2922 446 2965 le
479 2922 519 2976 je
568 2935 623 2964 ex
666 2923 786 2965 dans
833 2923 875 2965 le
919 2921 1084 2977 proees
1132 2924 1188 2966 de

286 2976 340 3017 P.
364 2975 631 3024 Quinctius.
655 2977 695 3019 Il
720 2977 878 3020 devait
902 2978 1013 3025 etre‚
1040 2988 1098 3019 en
1119 2978 1186 3026 66,

287 3028 327 3071 16
348 3028 558 3082 oollegue
579 3030 636 3072 de
651 3029 847 3072 Ciceron
873 3029 902 3072 a
918 3030 968 3072 la
980 3027 1184 3083 preture.

291 3135 304 3177 ¹
339 3083 380 3122 2.
410 3082 701 3177 Aqaethor-itati.
725 3084 840 3126 Voir
870 3083 918 3126 la
944 3085 1053 3126 note
1074 3086 1100 3125 2
1128 3084 1185 3127 de

311 3146 338 3176 a
363 3147 406 3188 1).
489 3166 499 3176 .

325 3190 383 3249 53.
416 3188 635 3232 Cavenda.
653 3193 718 3235 Le
736 3193 1078 3246 jurisconsulte
1097 3193 1196 3236 doit

290 3242 520 3338 {dgr-{gelde
553 3245 1054 3352 degespggffigffliegffx
1088 3246 1195 3343 leffier

290 3346 471 3391 donner
508 3350 591 3393 des
633 3353 975 3395 consultatione,
1017 3356 1194 3405 (eonsu-

291 3400 420 3455 lere),
438 3402 544 3445 leur
558 3404 706 3447 dicter
725 3406 773 3447 la
786 3406 989 3449 formule
1008 3408 1064 3452 (16
1084 3410 1190 3450 tous

292 3454 359 3497 les
393 3458 523 3499 actes
557 3458 640 3510 qui
673 3459 863 3512 exigent
897 3460 1004 3503 l'em
1039 3462 1100 3504 loi
1134 3462 1191 3505 de

294 3508 466 3553 termes
495 3510 732 3553 solennels
753 3513 973 3564 (cavere).
1031 3514 1190 3558 iceron

293 3562 379 3606 fait
411 3563 512 3605 dire
549 3575 634 3616 pai·
667 3565 865 3607 Crassus
900 3567 1019 3607 dans
1050 3569 1091 3610 1(-
1130 3569 1189 3608 De

1305 2869 1506 2919 Orator-e,
1541 2870 1576 2919 Ι,
1609 2881 1773 2919 vam,
1800 2870 1880 2911 212
1909 2881 1918 2908 ε
1954 2867 2036 2909 Sin
2065 2871 2212 2909 autem

1298 2929 1569 2977 quaereretur
1595 2924 1798 2977 quisnam
1829 2921 1952 2977 juris
1984 2921 2211 2962 consultus

1298 2989 1395 3020 vere
1423 2979 1743 3026 nominaretur,
1770 2989 1865 3018 eum
1892 2974 2081 3018 dicerem
2113 2975 2209 3028 qui,

1300 3030 1443 3085 lessam
1463 3036 1507 3073 et
1530 3029 1863 3073 consuetudinis
1879 3029 1989 3083 ejus,
2016 3041 2106 3082 (μαι
2121 3028 2213 3080 pri-

1297 3085 1391 3125 vati
1411 3085 1457 3126 in
1486 3085 1666 3126 civitate
1696 3087 1941 3132 uterentur,
1965 3086 2009 3124 et
2046 3080 2107 3122 ad
2149 3094 2213 3124 re-

1304 3137 1603 3190 spondendum
1623 3142 1667 3180 et
1678 3136 1739 3179 ad
1753 3134 1972 3190 agendum
1997 3139 2041 3177 et
2060 3133 2122 3176 ad
2142 3147 2213 3176 ca-

1304 3190 1488 3233 vendum
1505 3192 1680 3245 peritus
1699 3195 1828 3233 esset.

1358 3247 1397 3287 4.
1428 3245 1684 3300 ΔῈᾳιιίειιιε,
1704 3243 1881 3298 l'espril.
1896 3241 2134 3296 equitable
2151 3240 2208 3284 de

1303 3298 1350 3341 la
1387 3299 1450 3341 loi
1488 3299 1571 3354 qui
1615 3298 1828 3351 s'oppose
1871 3298 2073 3338 souvent
2114 3306 2209 3337 aux

1302 3354 1541 3406 principes
1563 3352 1626 3394 du
1641 3351 1767 3393 droit
1785 3350 1910 3398 civil,
1937 3349 2055 3390 ratio
2067 3348 2206 3401 jen-is.

1302 3406 1371 3447 Cf.
1407 3405 1470 3447 De
1507 3406 1710 3451 Oratore,
1753 3405 1788 3452 1,
1831 3414 1927 3452 va,
1959 3403 2074 3443 2240:
2113 3400 2205 3440 Pro

1300 3459 1509 3513 aequitate
1529 3462 1687 3500 contra
1716 3458 1776 3498 ἰιε
1796 3455 1957 3497 dicere.

1352 3516 1392 3554 5.
1419 3511 1666 3563 Inqeninm.
1734 3511 1805 3552 oir
1831 3510 1874 3551 la
1903 3511 2009 3551 note
2030 3509 2058 3548 ἱ)
2079 3506 2136 3549 (16
2163 3505 2210 3546 la

1308 3579 1349 3620 p.
1372 3568 1440 3607 92).

1882 3654 1941 3703 14
