2570 4026
351 273 465 332 196
1084 291 1188 334 Lus
1238 289 1529 333 visitamus

349 424 567 496 cessit,
629 427 702 483 ut
752 427 816 483 et
871 424 1071 483 istum
1120 425 1386 501 copiose
1454 427 1775 495 ornatum,
1824 427 1889 482 et
1936 441 2004 483 se
2064 424 2278 486 hono·

348 512 522 572 rifice
551 516 892 590 acceptum
925 514 1367 576 arbitraretur.
1415 516 1612 580 Vocat
1657 512 1737 572 ad
1774 531 2003 574 cenam
2034 505 2273 574 deinde

347 603 483 679 ipse
531 606 902 679 praetorem3
939 604 1201 680 exponit
1241 605 1397 664 suas
1429 604 1651 680 copias
1685 619 1935 672 omneS,
1983 603 2273 665 multum

346 696 706 768 argentum,
741 708 875 751 non
906 710 1110 770 pauca
1157 694 1357 753 etiam
1396 693 1630 771 pocula
1661 710 1738 752 ex
1768 710 1949 764 aur0,
1999 709 2163 769 quae,
2194 698 2275 752 ut

347 798 490 841 mos
538 786 635 841 est
677 780 916 860 regiUS,
966 786 1027 842 et
1071 782 1360 844 maxime
1395 783 1461 842 in
1504 781 1708 858 Syria,
1765 782 2045 858 gemmis
2086 786 2275 842 erant

346 869 652 931 distincta
690 869 1098 931 clarissimis,
1152 873 1301 931 Erat
1359 872 1552 933 etiam
1606 887 1721 931 vas
1761 870 2082 931 vinarium
2114 870 2130 903 ¹
2183 889 2273 931 ex

344 977 471 1019 una
529 976 786 1037 gemma
843 959 1208 1036 pergrandi,
1280 960 1476 1022 trulla
1534 964 1857 1030 excavata,
1917 961 2267 1021 manubrio

345 1065 563 1120 aureo,
611 1047 687 1107 de
732 1065 879 1125 qua,
934 1047 1149 1121 credo,
1213 1050 1370 1110 satis
1410 1050 1747 1121 idoneum,
1799 1049 1954 1110 satis
1998 1066 2268 1126 gravem

342 1140 599 1207 testem,
627 1138 700 1208 Q.
730 1137 1124 1197 Minucium²
1157 1137 1370 1199 dicere
1408 1137 1703 1198 audistis.
1738 1138 1837 1200 63.
1873 1139 2001 1198 Iste
2030 1156 2271 1198 unum-

343 1226 643 1304 quodque
674 1243 786 1286 vas
819 1227 887 1286 in
916 1243 1148 1287 manus
1177 1244 1461 1298 sumere,
1511 1228 1794 1300 laudare,
1847 1228 2090 1290 mirari.
2128 1229 2269 1288 Rex

341 1314 643 1392 gaudere,
696 1315 955 1393 praetori
996 1315 1220 1394 populi
1266 1317 1542 1377 Romani
1595 1318 1753 1377 satis
1789 1316 2155 1394 J'ucundum
2199 1322 2269 1379 et

341 1406 593 1481 gratum
625 1403 783 1464 illud
832 1422 974 1464 6556
1016 1405 1417 1465 convivium.
1462 1407 1892 1483 Posteaquam
1935 1406 2084 1466 inde
2133 1405 2267 1467 dis-

339 1510 603 1553 cessum
643 1497 762 1565 est,
801 1494 1082 1570 cogitare
1118 1490 1284 1553 nihil
1326 1494 1447 1554 iste
1503 1494 1699 1568 aliud,
1746 1493 1919 1573 quod
1971 1495 2112 1573 ipsa
2152 1513 2262 1557 res

276 1615 283 1622 .
340 1581 709 1653 declaravit,
744 1582 894 1652 nisi,
927 1600 1123 1659 quem
1155 1582 1234 1643 ad
1259 1583 1533 1643 modum
1563 1601 1784 1660 regem
1817 1599 1897 1643 ex
1927 1584 2266 1661 provincia

339 1671 691 1748 spoliatum
743 1672 1222 1750 expilatumque
1276 1672 1653 1733 dimitteret.
1720 1673 1911 1733 Mittit
1960 1669 2261 1750 rogatum

339 1778 489 1821 vasa
531 1778 626 1834 ea,
657 1778 799 1838 quae
841 1762 1276 1839 pulcherrima
1318 1761 1488 1838 apud
1534 1779 1683 1822 eum
1726 1761 2006 1834 viderat;
2049 1763 2137 1822 ait
2186 1779 2259 1824 se

340 1850 477 1910 suis
512 1849 919 1910 caelatoribus
950 1850 1118 1911 velle
1150 1850 1519 1911 ostendere.
1557 1852 1713 1923 Rex,
1755 1852 1865 1929 qui
1897 1852 2097 1911 istum
2122 1869 2259 1911 non

338 1942 585 2011 nosset,
613 1938 752 1998 sine
791 1938 923 1999 ulla
954 1938 1328 2016 suspicione
1377 1939 1810 1999 libentissime
1838 1938 2033 1999 dedit.
2067 1940 2264 2000 Mittit

339 2028 533 2089 etiam
565 2028 828 2088 trullam
858 2045 1226 2106 gemmeam
1266 2033 1567 2107 rogatum
1593 2047 1610 2089 ¹:
1645 2029 1808 2090 velle
1836 2047 1904 2090 se
1934 2047 2077 2090 eam
2111 2029 2261 2090 dili-

339 2119 599 2195 gentius
631 2119 1066 2181 considerare.
1101 2121 1185 2180 Ea
1215 2136 1474 2196 quoque
1504 2120 1564 2180 ei
1591 2120 1888 2180 mittitur.

413 2243 685 2303 XXVIII.
739 2243 836 2302 64.
887 2245 1068 2303 Nunc
1112 2243 1463 2320 reliquum,
1492 2243 1769 2320 judices,
1804 2244 2135 2315 attendite,
2176 2243 2259 2304 de

336 2350 464 2411 quo
500 2337 563 2392 et
591 2350 707 2392 vos
751 2330 1051 2404 audistiS,
1090 2336 1153 2393 et
1193 2334 1477 2411 populus
1533 2334 1862 2394 Romanus
1900 2351 2031 2393 non
2078 2351 2260 2394 nunc

334 2421 620 2499 primum
653 2422 895 2492 audiet,
926 2426 989 2482 et
1019 2422 1089 2481 in
1118 2422 1356 2482 exteris
1387 2423 1763 2483 nationibus
1802 2441 2008 2500 usque
2046 2423 2125 2482 ad
2155 2424 2261 2482 uI-

334 2511 527 2569 timas
554 2514 761 2571 terras
792 2514 1213 2589 pervagatum
1245 2514 1366 2571 est.
1403 2511 1873 2572 Candelabrum
1910 2530 1943 2572 e
1973 2513 2260 2591 gemmis

335 2598 749 2673 clarissimiS,
783 2617 977 2676 opere
1008 2600 1294 2659 mirabili
1335 2601 1721 2678 perfectum,
1754 2618 1939 2680 reges
1971 2602 2039 2672 ii,
2089 2619 2262 2678 quos

336 2688 505 2761 dico,
543 2688 814 2749 Romam
841 2707 993 2750 cum
1023 2690 1417 2763 attulissent,
1446 2694 1518 2749 ut
1555 2691 1619 2750 in
1651 2690 1964 2767 Capitolio
1989 2692 2008 2725 3
2047 2708 2261 2769 pone-

335 2781 499 2851 rent,
531 2777 704 2855 quod
733 2780 1028 2840 nondum
1060 2780 1256 2840 etiam
1285 2780 1651 2857 perfectum
1696 2781 2012 2860 templum
2055 2781 2261 2841 offen-

334 2867 582 2938 derant,
616 2885 831 2945 neque
862 2885 1102 2947 ponere
1134 2874 1507 2946 potuerunt,
1540 2887 1752 2946 neque
1793 2870 1986 2948 vulgo
2034 2874 2264 2930 osten-

332 2957 481 3018 dere
545 2973 617 3016 ac
688 2956 977 3034 proferre
1041 2958 1410 3031 voluerunt,
1471 2962 1543 3019 ut
1597 2963 1661 3018 et
1726 2958 2263 3037 magnificentius

381 3148 426 3186 1.
463 3144 552 3185 Vas
571 3143 807 3185 vinarium.
830 3144 890 3187 Ce
924 3155 1039 3187 vase
1071 3145 1098 3186 ἐι
1133 3155 1241 3188 con-
1351 3144 1597 3195 Minucius,
1614 3157 1744 3199 eques
1767 3145 2011 3196 Romanus,
2038 3145 2268 3198 inprimis

335 3200 456 3240 tenir
494 3198 536 3239 le
588 3197 687 3246 vin,
715 3198 868 3240 forme
914 3197 1054 3240 d'une
1107 3197 1239 3241 seule
1350 3197 1634 3252 splendidus.

332 3252 484 3304 pierre
554 3246 802 3304 precieuse
842 3250 1068 3305 (qemma),
1125 3247 1240 3293 etait
1402 3251 1447 3293 3.
1474 3251 1480 3255 “
1504 3251 1743 3304 Capitolio.
1790 3252 1918 3306 Sylla
1959 3253 2089 3295 avait
2132 3262 2268 3296 com-

332 3303 498 3346 creuse
519 3314 578 3345 en
604 3304 756 3347 forme
786 3304 844 3346 de
874 3304 1041 3356 cuiller
1061 3303 1237 3357 (trulla)
1350 3301 1517 3347 mence
1542 3305 1588 3347 la
1602 3306 1982 3349 reconstruction
1998 3305 2062 3348 du
2083 3306 2266 3360 temple

331 3358 620 3400 etavaitune
637 3356 1237 3419 poigneemavmbriom'or.
1350 3357 1409 3400 de
1452 3358 1642 3411 Jupiter
1682 3369 1741 3400 au
1779 3358 2002 3413 Capitole,
2037 3357 2268 3401 incendia

385 3411 426 3450 2.
461 3411 509 3459 Q.
557 3408 824 3451 Minucmm.
876 3411 1126 3453 Chevalier
1170 3421 1240 3452 ro·
1349 3420 1408 3453 en
1431 3410 1501 3453 83.
1535 3412 1627 3454 Les
1663 3414 1865 3454 travaux
1894 3422 1955 3455 ne
1984 3413 2143 3455 surent
2164 3414 2269 3455 ter-

335 3463 481 3509 main,
528 3464 607 3515 qui
635 3463 802 3507 faisait
838 3464 882 3506 le
920 3473 1185 3507 commerce
1211 3462 1239 3505 a
1351 3464 1505 3506 mines
1528 3464 1667 3518 qu’en
1687 3463 1754 3514 69,
1782 3464 1934 3508 annee
1949 3464 2012 3507 οὺ
2024 3464 2066 3507 16
2084 3466 2266 3518 temple

336 3516 585 3568 Syracuse,
608 3516 697 3558 cite
723 3527 838 3560 avec
866 3516 1024 3570 eloges
1050 3517 1169 3560 dans
1194 3518 1237 3567 le
1348 3517 1425 3560 fut
1447 3517 1581 3560 dedic
1607 3530 1692 3573 par
1707 3519 1767 3568 Q.
1794 3519 2013 3561 Lutatius
2040 3518 2267 3570 Catulus,

332 3566 397 3607 De
416 3572 621 3619 praetura
642 3569 885 3612 Siciliensi.
917 3582 1050 3619 xvm,
1068 3569 1125 3614 69
1148 3585 1157 3611 ε
1181 3570 1232 3620 Q.
1359 3571 1455 3614 l'un
1468 3572 1553 3614 des
1574 3573 1712 3625 juges
1734 3571 1796 3614 du
1813 3571 1976 3626 proces
1997 3571 2052 3614 de
2065 3571 2270 3625 Verres.
