2570 4026
443 267 560 325 510
671 279 672 282 ’
750 303 754 308 ·
1035 321 1044 328 s
1121 281 1225 325 Les
1269 281 1678 331 rmmrrlouEs

441 418 785 497 Byllidem;
815 418 1424 490 -tenetAmantiam3
1468 418 1662 478 instat
1717 420 1941 496 Epiro;
1987 423 2174 498 urget
2220 419 2347 479 Ori-

440 525 629 576 cum;
661 508 854 568 habet
885 509 1129 585 aliquot
1154 508 1476 580 cohortes,
1513 507 1708 567 habet
1757 509 2139 586 equitatum.
2194 509 2348 569 Hinc

440 598 495 656 si
525 598 759 656 Brutus
793 597 909 658 erit
963 596 1298 658 traductus
1358 595 1437 655 ad
1495 597 1671 657 aliud
1713 598 1982 676 bellum,
2043 598 2348 658 Graeciam

438 691 608 747 certe
683 688 1117 748 amiserimus,
1187 687 1298 747 Est
1352 690 1575 757 autem*
1629 688 1818 748 etiam
1876 688 1952 748 de
2007 688 2347 747 Brundisio

437 781 627 853 atque
654 777 765 836 illa
793 794 903 835 ora
935 777 1130 836 Italiae
1163 776 1657 853 providendum.
1716 777 2096 854 Quanquam
2151 777 2351 837 miror

435 869 568 925 tam
602 867 710 926 diu
741 867 981 926 morari
1012 865 1384 927 Antonium.
1421 865 1592 928 Solet
1637 867 1811 925 enim
1862 867 2163 944 accipere
2210 868 2347 943 ipse

436 956 721 1015 manicas
751 957 793 1031 ¹,
830 974 949 1016 nec
999 955 1243 1015 diutius
1295 954 1657 1014 obsidionis
1701 960 1949 1015 metum
2001 956 2345 1016 sustinere.

435 1045 616 1116 Quod
648 1046 701 1104 si
733 1045 1086 1105 confecerit
1114 1046 1371 1118 BrutUS,
1418 1048 1481 1103 et
1518 1044 1927 1118 intellexerit,
1963 1046 2107 1122 plus
2151 1063 2218 1106 se
2255 1046 2347 1105 rei

431 1135 709 1212 publicae
791 1135 1228 1211 profuturum,
1307 1134 1361 1193 si
1441 1134 1838 1194 Dolabellam
1894 1137 2345 1212 persequatur,

434 1225 711 1301 quamsi
759 1225 825 1283 in
863 1225 1107 1283 Graecia
1163 1223 1443 1297 maneat,
1511 1228 1655 1298 aget
1713 1225 1851 1302 ipse
1906 1241 2020 1303 per
2073 1241 2242 1299 sese,
2279 1230 2351 1285 ut

431 1314 639 1373 adhuc
672 1331 932 1392 quoque
965 1314 1137 1386 fecit,
1186 1330 1398 1391 neque
1440 1314 1507 1371 in
1554 1318 1648 1373 tot
1700 1314 2043 1383 incendiiS‚
2109 1314 2348 1392 quibus

430 1403 777 1464 confestim
828 1402 1342 1464 succurrendum
1388 1408 1506 1476 est,
1564 1404 1961 1481 exspectabit
2014 1408 2343 1464 senatum.

433 1495 531 1552 27.
563 1495 722 1553 Nam
750 1498 812 1553 et
838 1495 1095 1566 Brutus,
1118 1497 1178 1553 et
1204 1494 1464 1553 Cassius
1488 1493 1715 1552 multis
1733 1493 1871 1569 jam
1899 1494 1965 1553 in
1990 1494 2185 1570 rebus
2206 1494 2348 1571 ipse

430 1583 555 1642 sibi
587 1586 851 1643 senatus
881 1584 901 1618 '²
933 1584 1076 1643 fuit.
1102 1585 1377 1643 Necesse
1409 1587 1508 1642 est
1538 1582 1735 1656 enim,
1772 1583 1835 1641 in
1866 1587 2045 1643 tanta
2075 1600 2349 1643 conver-

426 1672 609 1731 sione
665 1675 726 1732 et
783 1673 1264 1749 perturbatione
1290 1673 1588 1746 omnium
1633 1689 1873 1744 rerum,
1934 1672 2346 1750 temporibus

427 1761 646 1839 potius
694 1779 941 1838 parere,
997 1778 1191 1838 quam
1238 1761 1554 1822 moribus,
1604 1762 1734 1821 Nec
1778 1763 1952 1820 enim
1992 1777 2165 1822 nunc
2210 1764 2347 1840 pri-

427 1868 620 1911 mum.
650 1856 756 1910 aut
792 1852 1049 1923 Brutus,
1086 1857 1194 1911 aut
1221 1851 1484 1911 Cassius
1523 1853 1799 1910 salutem
1846 1851 2343 1929 libertatemque

425 1942 646 2019 patriae
678 1942 889 2018 legem
922 1942 1399 2002 sanctissimam
1435 1944 1498 1999 et
1534 1957 1786 1999 morem
1820 1941 2140 2019 optimum
2166 1941 2346 2018 judi-

424 2033 612 2092 cavit.
644 2033 864 2108 Itaque
918 2033 973 2090 si
1008 2031 1084 2090 ad
1123 2048 1244 2090 nos
1294 2029 1458 2090 nibil
1503 2031 1849 2091 referretur
1890 2030 1969 2090 de
2012 2030 2345 2092 Dolabella

424 2120 899 2198 persequendo,
933 2124 1153 2180 tamen
1203 2137 1320 2196 ego
1361 2138 1475 2197 pro
1528 2120 1785 2181 decreto
1831 2123 2148 2196 putarem,
2184 2137 2340 2181 cum

423 2214 642 2270 essent
702 2209 863 2269 tales
931 2210 1188 2282 virtute,
1242 2208 1645 2276 auctoritate,
1703 2209 2033 2268 nobilitate
2092 2211 2340 2269 summi

421 2299 564 2373 viri,
611 2317 890 2376 quorum
941 2298 1206 2359 alterius
1250 2298 1386 2375 jam
1417 2296 1648 2358 notus⁸
1680 2299 1868 2357 nobis
1892 2302 2064 2359 esset
2094 2300 2342 2358 exerci-

423 2391 551 2462 tus,
586 2389 852 2449 alterius
885 2388 1168 2448 auditus

498 2503 630 2563 XII.
682 2507 847 2565 Num
880 2506 1077 2582 igitur
1112 2506 1347 2565 Brutus
1371 2505 1769 2582 exspectavit
1800 2505 2055 2564 decreta
2083 2508 2334 2580 nostra,

418 2611 568 2653 cum
592 2593 805 2653 studia
825 2599 1069 2654 nosset.
1092 2597 1313 2672 Neque
1329 2595 1503 2653 enim
1520 2593 1701 2653 estin
1720 2594 2117 2670 provinciam
2140 2610 2337 2653 suam

418 2683 671 2742 Cretam
699 2684 1058 2760 profectus3
1095 2685 1160 2743 in
1186 2683 1623 2744 Macedoniam
1656 2683 1933 2743 alienam
1963 2682 2291 2743 advolavit
2318 2702 2333 2756 3

418 2773 636 2832 omnia
668 2790 785 2832 sua
813 2775 1082 2850 putavit,
1118 2790 1259 2850 quae
1298 2790 1414 2840 vos
1439 2778 1650 2832 vestra
1677 2790 1820 2832 esse
1851 2772 2094 2845 veliti53
2123 2772 2338 2850 legio-

414 2880 529 2922 nes
574 2863 967 2939 conscripsit
1005 2880 1228 2937 novas,
1263 2864 1515 2940 excepit
1552 2867 1824 2937 veteres,
1860 2864 2216 2939 equitatum
2251 2862 2333 2923 ad

413 3024 541 3066 avait
573 3034 666 3066 une
693 3023 871 3086 grande
904 3025 1196 3077 importance
1234 3026 1321 3066 mi·
1483 3024 1530 3069 2.
1557 3025 1771 3066 Senatus.
1801 3025 1874 3065 En
1897 3024 2005 3066 bien
2025 3024 2105 3066 des
2122 3024 2336 3068 circons-

415 3076 591 3120 litaire.
631 3078 745 3119 Yon·
769 3088 886 3131 page
907 3076 980 3121 71.
1002 3100 1054 3108 -
1078 3077 1319 3129 Byllidem.
1432 3080 1610 3123 tances,
1637 3078 1827 3121 Cassius
1863 3080 1906 3119 et
1937 3079 2115 3120 Brutus
2149 3080 2232 3120 ont
2259 3078 2335 3122 ete

413 3131 534 3173 Ville
554 3130 1165 3185 d'Illyrie.c—-Amantiam.
1201 3131 1323 3174 Ville
1432 3131 1536 3174 leur
1564 3132 1706 3175 senat
1745 3131 1771 3173 a
1810 3133 2128 3181 eux—memes;
2154 3131 2213 3174 ils
2248 3136 2338 3176 ont

412 3182 467 3226 de
503 3183 746 3227 l'Orestide
768 3195 826 3227 en
841 3186 1006 3237 Epire.
1035 3205 1085 3217 -
1115 3185 1313 3227 Oricum.
1431 3186 1531 3238 pris
1560 3186 1826 3229 l'initiative
1866 3184 1950 3228 des
1984 3195 2198 3228 mesures
2242 3186 2337 3228 ne-

411 3237 536 3280 Ville
580 3239 814 3280 maritime
844 3238 1046 3291 d'Epire.
1086 3239 1149 3281 Le
1192 3240 1313 3284 texte
1430 3241 1659 3283 cessaires
1689 3249 1801 3281 sans
1835 3239 2048 3283 attendi-e
2075 3250 2139 3281 un
2166 3237 2335 3284 decret

409 3291 625 3345 vulgaire
647 3303 673 3331 a
692 3291 935 3343 Illyricum.
1421 3292 1483 3334 du
1506 3294 1663 3336 Senat.

464 3344 508 3386 1.
535 3343 765 3385 Μιιηίεαε.
810 3344 899 3386 Les
938 3345 1139 3398 longues
1171 3356 1309 3388 man·
1475 3345 1520 3390 3.
1557 3347 1723 3389 Notus.
1747 3346 1809 3388 Le
1832 3346 2331 3390 senatconna1t1·ar-

409 3397 519 3439 ebes
540 3408 631 3452 que
658 3397 701 3440 le.
730 3398 968 3441 vetement
995 3399 1220 3441 militaire
1250 3411 1310 3443 ne
1420 3402 1523 3444 mee
1553 3399 1611 3443 de
1652 3401 1830 3442 Brutus
1869 3401 1952 3454 qui
2000 3403 2069 3443 est
2106 3399 2216 3454 pres
2269 3400 2332 3445 de

409 3454 650 3504 comporte
694 3461 779 3504 pas
810 3453 854 3493 et
893 3461 983 3504 que
1022 3451 1116 3495 l'on
1159 3454 1307 3505 prend
1419 3453 1613 3500 l'Italie;
1636 3454 1719 3496 des
1745 3455 1963 3506 rapports
1984 3454 2054 3496 lui
2081 3456 2331 3507 sontpar-

409 3513 528 3556 pour
554 3514 617 3546 un
638 3514 756 3557 voya
793 3514 840 3545 e:
865 3520 883 3540 «
911 3505 1112 3548 Antoine
1133 3516 1182 3548 se
1201 3507 1309 3551 hate
1417 3519 1570 3551 venus
1613 3505 1850 3558 (auditus)
1880 3518 1973 3549 sur
2022 3507 2216 3551 l'armee
2268 3508 2328 3552 de

406 3557 463 3598 de
476 3557 595 3599 faire
609 3567 682 3599 ses
693 3568 747 3609 pr
779 3558 979 3610 paratifs
1000 3557 1056 3601 de
1082 3558 1261 3614 depart.
1282 3574 1308 3605 ³>
1417 3562 1610 3605 Cassius
1632 3561 1713 3615 qui
1736 3563 1806 3604 est
1830 3570 1889 3603 en
1918 3562 2072 3616 syrie.
