2570 4026
984 315 1088 358 LES
1131 312 1540 358 CATILINAIRES

243 525 248 530 -
310 471 452 514 esse
482 455 547 524 in
577 457 757 514 metu
783 456 1047 531 propter
1070 467 1275 511 unum
1307 453 1392 523 te,
1427 450 1741 527 quidquid
1772 452 1928 510 incre

310 543 650 625 Catilinam
687 542 927 617 timeri,
960 542 1217 600 nullum
1247 540 1451 600 videri
1480 543 1704 599 contra
1728 557 1832 599 me
1872 557 1928 600 c<

309 634 456 692 iniri
501 649 719 710 posse,
774 630 958 710 quod·
992 650 1027 692 a
1077 635 1191 690 tuo
1238 628 1482 689 scelere
1535 629 1900 702 abhorreat,

308 724 671 783 ferendum.
727 722 932 792 Quam
979 721 1059 780 ob
1112 736 1252 779 rem
1300 717 1584 792 discede,
1619 722 1808 795 atque
1841 718 1928 777 hu

306 812 613 871 timorem
645 810 818 887 eripe
854 828 866 870 :
900 810 955 870 si
987 813 1085 869 est
1105 825 1322 883 veruS,
1358 825 1437 867 ne
1467 807 1828 884 opprimar3
1865 807 1928 867 si:

309 905 381 962 ut
410 900 673 980 taudem
702 899 1049 977 aliquando
1080 900 1314 958 timere
1347 897 1662 957 desinam.
1697 920 1727 951 »

386 1017 547 1077 VIII.
600 1018 695 1075 19.
744 1018 891 1076 Haec
924 1016 978 1075 si
1002 1019 1247 1087 tecum,
1278 1014 1369 1073 ita
1390 1015 1462 1073 ut
1493 1013 1645 1087 dixi,
1665 1014 1872 1092 patria
1896 1014 1928 1072 l«

307 1125 522 1167 nonne
566 1107 908 1183 impetrare
957 1106 1210 1178 debeat,
1255 1104 1511 1163 etiamsi
1552 1103 1687 1162 vim
1736 1103 1928 1163 adhib

311 1196 644 1277 possim...

392 1311 496 1371 XI.
554 1314 761 1384 Nunc,
813 1313 886 1369 ut
927 1328 964 1369 a
1012 1326 1141 1381 me,
1187 1312 1402 1387 patres
1432 1308 1783 1386 conscripti
1803 1315 1843 1383 ²,
1877 1325 1928 1386 qi

312 1418 511 1479 prope
538 1400 783 1476 justam
816 1400 1039 1475 patriae
1068 1399 1549 1475 querimoniam
1589 1398 1869 1458 detester
1899 1416 1928 1456 a

312 1508 441 1563 cer,
489 1488 828 1567 percipite,
876 1505 1121 1564 quaeSO,
1182 1487 1526 1563 diligenter
1576 1494 1718 1564 quie
1768 1488 1928 1547 dica1

314 1580 572 1657 penitus
600 1578 837 1637 animis
856 1578 1091 1637 vestris
1114 1576 1919 1654 mentibusquemandate.

315 1669 370 1728 si
402 1685 664 1727 mecum
697 1667 925 1743 patria,
952 1684 1094 1744 quae
1124 1665 1287 1726 mihi
1319 1666 1449 1726 vita
1473 1683 1618 1725 mea
1643 1667 1852 1725 multo
1875 1683 1928 1725 es

315 1759 369 1817 si
442 1760 676 1817 cuncta
736 1757 938 1830 Italia,
1016 1756 1072 1814 si
1133 1754 1346 1815 omnis
1413 1772 1517 1815 res
1574 1756 1833 1832 publica
1877 1756 1928 1815 lc

318 1870 345 1901 «
396 1849 471 1906 M.
508 1845 697 1917 Tulli,
741 1845 894 1923 quid
929 1845 1107 1922 agis?
1145 1846 1322 1904 Tunc
1353 1862 1527 1916 eum,
1571 1862 1765 1922 quem
1798 1862 1928 1905 esse

316 1934 718 2012 comperisti,
761 1951 958 2011 quem
1001 1935 1237 1994 ducem
1269 1932 1421 1993 belli
1455 1932 1748 1992 futurum
1796 1933 1928 1994 vide

315 2025 672 2102 exspectari
726 2025 1191 2101 imperatorem
1243 2023 1311 2082 in
1363 2024 1593 2084 castris
1647 2024 1928 2084 hostium

316 2117 651 2175 auctorem
684 2113 973 2186 sceleriS,
1011 2113 1376 2190 principem
1402 2113 1895 2190 conjurationis,

316 2221 456 2265 rem
478 2205 497 2237 ³
542 2219 880 2264 servorum
915 2207 977 2263 et
1008 2203 1248 2262 civium
1278 2202 1704 2279 perditorum,
1747 2203 1917 2263 exire

314 2298 387 2352 ut
430 2294 544 2353 abs
589 2296 651 2352 te
702 2310 835 2351 non
885 2293 1165 2351 emissus
1212 2308 1289 2349 ex
1336 2292 1518 2367 urbe,
1577 2292 1690 2351 sed
1745 2294 1928 2352 immi

295 2383 547 2442 urbem
589 2398 731 2441 esse
782 2381 1118 2440 videatur?
1168 2381 1612 2447 Nonnehunc
1654 2381 1721 2440 in
1754 2381 1928 2441 vinci

316 2488 446 2530 non
492 2471 570 2530 ad
609 2474 889 2530 mortem
931 2471 1090 2548 rapi,
1134 2486 1267 2546 non
1317 2486 1578 2529 summo
1612 2471 1928 2548 supplicio

318 2560 717 2638 imperabis?
759 2560 856 2617 28.
909 2557 1075 2628 Quid
1116 2559 1378 2618 tandem
1409 2563 1469 2618 te
1504 2559 1816 2635 impedit?
1850 2562 1928 2620 M<

309 2648 577 2724 Jorum‘?
627 2649 705 2707 At
737 2664 1026 2725 persaepe
1076 2648 1274 2708 etiam
1321 2648 1551 2725 privati
1593 2649 1661 2707 in
1699 2650 1819 2709 hac
1858 2666 1924 2708 re

315 2738 719 2814 perniciosos
741 2737 918 2796 cives
951 2740 1159 2797 morte
1193 2735 1572 2797 multarunt.
1605 2739 1699 2797 An
1718 2740 1928 2815 leges5

320 2826 564 2886 civium
612 2827 1058 2886 Romanorum
1100 2826 1422 2904 supplicio
1453 2831 1690 2904 rogatae
1733 2828 1927 2888 s'unt‘?

371 2994 415 3039 1.
465 2993 689 3048 Quidquid
732 2995 1018 3046 increpuerit.
1076 3005 1101 3034 α
1150 2995 1223 3036 Au
1337 2997 1502 3038 conl-re
1533 2995 1579 3037 la
1609 2997 1759 3050 patrie
1790 2996 1858 3041 les
1881 3008 1928 3040 es

322 3047 541 3091 moindre
571 3049 712 3090 bruit.
744 3059 769 3088 >2
1337 3048 1393 3091 de
1431 3051 1561 3091 leurs
1591 3048 1928 3098 erqastulaJVc

371 3100 416 3144 2.
469 3101 635 3143 Patres
674 3100 929 3154 conscripti.
974 3101 1100 3144 cette
1149 3111 1227 3144 ex·
1337 3100 1458 3145 dela
1485 3093 1650 3167 9261:
1710 3138 1716 3144 ,

321 3155 537 3209 pressiori
559 3155 643 3209 qui
666 3151 861 3208 designe
883 3155 951 3197 les
974 3154 1223 3198 senateurs
1387 3153 1427 3198 4.
1458 3156 1712 3198 Emissus...
1743 3159 1928 3199 immissu

324 3208 553 3262 &quivaut
598 3207 626 3249 a
665 3212 823 3259 patres
868 3212 912 3248 et
957 3209 1246 3260 conscripti„
1336 3207 1391 3250 de
1431 3222 1726 3262 paronomase
1787 3212 1928 3254 antit}

323 3260 612 3304 c'est-a-dire
634 3261 705 3303 les
736 3259 984 3304 senateurs
1016 3263 1223 3315 (patres)
1337 3272 1451 3304 avec
1490 3263 1646 3316 cloges
1682 3275 1768 3318 par
1805 3266 1928 3314 Quin

323 3318 369 3358 et
398 3314 465 3358 les
506 3315 749 3365 conscripti
777 3314 915 3367 (ceux
987 3316 1035 3358 ui
1064 3315 1227 3358 furent
1341 3315 1492 3365 Orat„
1524 3319 1606 3365 ΙΧ,
1636 3330 1701 3365 111,
1723 3317 1927 3371 71).—C

325 3367 511 3422 ajoutes
538 3367 566 3410 a
590 3369 638 3413 la
659 3368 765 3411 liste
786 3379 872 3421 par
889 3369 959 3409 Va
981 3368 1112 3410 erius
1133 3369 1228 3410 Pu·
1340 3367 1550 3411 laudares
1579 3371 1706 3423 (note
1733 3370 1758 3413 7
1789 3373 1845 3414 de
1868 3373 1914 3415 la

326 3421 504 3464 blicola
523 3454 533 3470 ‚
606 3420 743 3474 apres
803 3421 1088 3475 l'expulsion
1144 3421 1227 3464 des
1391 3421 1428 3463 5.
1462 3423 1617 3475 Leqes.
1649 3426 1739 3468 Les
1763 3424 1853 3468 lois
1884 3427 1928 3468 St

321 3475 452 3528 rois).
1339 3474 1513 3517 Porcia
1531 3488 1623 3530 que
1645 3478 1738 3521 l'on
1759 3489 1925 3532 reproc

376 3528 414 3571 3.
451 3527 759 3571 Evocatorem.
790 3528 923 3571 Celui
963 3528 1045 3582 qui
1079 3539 1106 3570 a
1152 3539 1229 3582 ap·
1339 3538 1424 3570 ron
1446 3528 1626 3572 d'avoir
1647 3528 1842 3575 violees.
1871 3534 1928 3574 V<

324 3580 428 3634 pele
463 3592 524 3624 au
551 3581 731 3625 service
750 3581 973 3624 militaire
993 3582 1199 3633 (evocare
1339 3580 1460 3624 dela
1480 3593 1524 3636 p.
1544 3581 1638 3625 107.

2102 298 2206 322 “nl
