2570 4026
346 267 464 323 318
874 279 977 323 Les
1022 278 1308 322 DISCOURS
1351 277 1748 321 comsummes

353 416 518 476 mihi
554 432 706 474 cum
752 414 1018 490 perditis
1055 412 1306 472 civibus
1343 416 1658 472 aeternum
1702 413 1950 472 bellum
2001 429 2269 491 suscep-

349 510 492 564 tum
525 521 665 563 esse
698 502 908 561 video,
943 501 1016 563 Id
1047 519 1165 579 ego
1198 504 1439 576 vestro,
1470 501 1924 578 bonorumque
1966 502 2293 568 omnium»,

349 594 614 665 auxilia,
640 592 1082 668 memoriaque
1106 594 1437 651 tantorum
1469 590 1933 668 periculorum,
1968 609 2109 669 quae
2132 609 2271 654 non

345 683 541 763 modo
569 682 635 740 in
655 681 779 742 hoc
806 681 1068 758 popum,
1103 679 1212 757 qui
1241 683 1538 739 servatus
1565 683 1684 752 est,
1723 680 1837 740 sed
1869 680 1937 739 in
1966 681 2263 758 omnium
2294 735 2295 740 ,

345 773 637 849 gentium
682 770 1094 830 sermonibus
1132 786 1204 828 ac
1237 768 1567 830 mentibus
1612 785 1873 846 semper
1902 770 2193 842 haerebit,
2228 788 2269 833 a

344 878 450 922 me
473 864 661 938 atque
689 877 724 919 a
746 860 912 919 meis
935 859 1118 919 facile
1142 857 1510 935 propulsari
1534 875 1727 935 posse
1747 858 2022 920 confido,
2040 861 2263 937 Neque

345 951 478 1011 ulla
531 949 820 1029 profecto
882 952 1056 1008 tanta
1090 947 1187 1007 vis
1231 949 1612 1025 reperietur,
1667 965 1810 1025 quae
1860 948 2264 1025 conjunctio·-

345 1043 538 1100 nem1
597 1045 881 1100 vestram
927 1038 1349 1115 equitumque
1404 1038 1870 1113 Romanorum,
1913 1042 1978 1099 et
2016 1042 2263 1098 tantam

346 1129 901 1207 conspirationem
928 1127 949 1158 ²
998 1128 1322 1207 bonorum
1378 1128 1675 1188 omnium
1734 1127 2141 1208 confringere
2201 1133 2285 1188 et-

340 1220 725 1279 labefactare
757 1218 983 1296 possit.
1044 1266 1051 1274 .

422 1336 524 1394 XI.
561 1337 661 1394 023.
689 1335 842 1405 Quae
876 1349 1028 1392 cum
1051 1334 1139 1392 ita
1159 1332 1310 1406 sint,
1337 1347 1452 1410 pro
1476 1334 1774 1411 imperio,
1807 1350 1925 1411 pro
1952 1335 2259 1409 exercitu,

344 1441 462 1504 pro
516 1420 907 1503 provincia³‚
959 1437 1152 1499 quam
1197 1423 1480 1498 neglexi,
1528 1439 1644 1500 pro
1696 1424 2049 1500 triumpho,
2099 1427 2263 1484 cete-

344 1516 564 1591 risque
615 1513 829 1573 laudis
885 1511 1275 1588 insignibuS‚
1340 1527 1480 1588 quae
1537 1517 1687 1572 sunt
1734 1530 1770 1572 a
1822 1530 1951 1586 me,
1998 1518 2262 1590 propter

342 1605 532 1665 Urbis
594 1606 953 1678 vestraeque
1006 1601 1233 1661 salutis
1299 1602 1663 1661 custodiam
1727 1601 2086 1679 repudiata,
2143 1618 2263 1680 pro

344 1693 659 1753 clientelis
701 1690 1133 1766 hospitiisque
1174 1687 1707 1766 provincialibus,
1737 1707 1877 1767 quse
1908 1695 2125 1752 tamen
2154 1709 2263 1751 ur·-

345 1782 530 1843 banis
580 1780 811 1858 opibus
858 1793 991 1838 non
1031 1779 1285 1839 minore
1330 1780 1547 1839 labore
1600 1784 1786 1839 tueor
1848 1798 2045 1857 quam
2085 1797 2264 1841 com-

345 1887 535 1948 par03
591 1885 708 1947 pro
748 1868 852 1928 his
894 1868 1087 1947 igitur
1127 1869 1431 1928 omnibus
1472 1870 1687 1942 rebus,
1732 1873 1793 1928 et
1837 1883 1954 1946 pro
1985 1871 2151 1930 meis
2193 1871 2262 1930 in

341 1974 462 2017 vos
495 1956 937 2033 singularibus
970 1951 1203 2016 studiis
1236 1971 1483 2034 proque
1524 1955 1666 2031 hac,
1711 1973 1907 2033 quam
1944 1958 2260 2036 perspici-

344 2049 449 2122 liS‚
493 2044 573 2106 ad
609 2046 1121 2106 conservandam
1163 2064 1299 2106 rem
1328 2047 1655 2124 publicam
1698 2046 2056 2123 diligentia,
2098 2048 2261 2108 nihil

345 2157 381 2196 a
411 2138 596 2197 vobis
627 2137 754 2196 nisi
776 2137 976 2212 hujus
993 2136 1329 2213 temporiS‚
1355 2138 1686 2214 totiusque
1716 2135 1844 2195 mei
1878 2136 2260 2197 consulatus

343 2226 728 2284 memoriam
757 2224 1050 2302 postulo;
1077 2241 1216 2301 quae
1242 2225 1397 2283 dum
1423 2226 1544 2284 erit
1561 2225 2013 2286 investrisfixa
2034 2225 2264 2284 menti-

345 2316 464 2373 bus
485 2315 814 2374 tutissimo
845 2332 948 2373 me
972 2330 1162 2374 muro
1194 2318 1472 2391 saeptum
1497 2331 1637 2373 esse
1669 2314 2046 2374 arbitrabor.
2075 2313 2261 2385 Quod

345 2404 398 2462 si
433 2421 649 2463 meam
676 2420 861 2481 spem
892 2404 989 2463 vis
1024 2404 1473 2480 improborum
1509 2403 1810 2463 fefellerit
1846 2408 2035 2481 atque
2064 2418 2258 2480 supe-

343 2493 599 2566 raverit,
631 2493 1019 2552 commendo
1053 2492 1236 2551 vobis
1268 2508 1541 2569 parvum
1591 2506 1813 2551 meum
1846 2490 2118 2567 filiurn‘,
2155 2494 2260 2552 cui

343 2581 631 2658 profecto
692 2581 850 2641 satis
889 2581 1009 2639 erit
1062 2580 1367 2658 praesidii‚
1402 2598 1535 2641 non
1579 2583 1790 2640 solum
1823 2581 1902 2641 ad
1954 2582 2256 2656 salutem,

342 2686 570 2746 verum
616 2670 812 2728 etiam
854 2668 931 2728 ad
982 2668 1384 2747 dignitatem,
1431 2669 1486 2728 si
1521 2669 1685 2746 eJ'US‚
1730 2670 1840 2746 qui
1871 2671 2010 2730 haec
2041 2671 2262 2731 omnia

343 2774 463 2817 suo
513 2758 716 2817 solius
766 2758 1055 2836 periculo
1102 2759 1604 2832 conservaverit,
1640 2759 1827 2818 illum
1861 2760 2069 2821 fllium
2113 2774 2260 2822 esse

341 2847 799 2908 memineritis⁴

342 3023 1242 3133 essii-0‘1'Z’'·‘3223}1⁰2{{⁰235”²1³0rffi-ffietfflssfiss
1352 3025 1953 3132 ἷξὲιῖῗζὲἱῗὲᾞρὲἱῖἒᾱὲθ
1966 3027 2258 3125 ῗῑέᾆῖπῖῗὲέῗέ

343 3143 453 3174 sera
482 3129 755 3185 ophcmerm
784 3132 921 3185 apres
957 3133 1004 3175 la
1029 3134 1239 3185 rupture,
1354 3135 1544 3177 homme
1595 3132 1652 3178 de
1700 3145 1880 3177 moeurs
1925 3134 2087 3191 deregl
2118 3144 2183 3183 eie,
2220 3137 2257 3179 il

342 3184 536 3228 Cicerou
564 3197 672 3229 sei-a
697 3181 980 3228 abandonne
1002 3185 1029 3228 ἐι
1064 3197 1140 3229 ses
1165 3196 1244 3229 en·
1354 3188 1601 3230 combattit
1649 3184 1768 3231 dans
1808 3189 1855 3231 la
1901 3200 2072 3242 guerre
2115 3189 2258 3233 civile

344 3241 521 3282 nemis·
1355 3253 1469 3285 sous
1494 3242 1563 3285 les
1594 3241 1757 3285 ordi-es
1779 3240 1835 3285 de
1861 3243 2066 3290 Brutum
2095 3244 2202 3306 puis
2225 3244 2259 3286 il

392 3291 432 3335 2.
464 3292 863 3346 conspirationem.
887 3292 1002 3335 Voir
1022 3293 1071 3336 la
1086 3296 1195 3338 note
1218 3292 1245 3337 6
1355 3306 1501 3349 passa
1529 3307 1592 3338 au
1612 3296 1734 3349 parti
1780 3294 2001 3340 d'Octave
2028 3308 2110 3351 qui
2140 3298 2181 3340 le
2208 3296 2259 3340 fit

342 3345 398 3387 de
420 3346 464 3388 la
491 3358 534 3400 p.
560 3347 655 3389 281.
1355 3349 1525 3392 consul
1549 3349 1660 3404 (30);
1685 3346 1717 3392 ii
1739 3351 1934 3392 mourut
1961 3350 2098 3404 apres
2124 3350 2258 3393 avoir

394 3399 433 3440 3.
453 3398 704 3440 Provincia.
733 3396 892 3449 V.laln
924 3398 1242 3455 bdelapsssl.
1354 3398 1426 3445 ete
1455 3403 1711 3459 proconsul
1734 3401 1908 3447 d'Asie.
1928 3404 2050 3448 C’est
2064 3414 2122 3447 en
2143 3405 2257 3446 vain

378 3454 434 3511 ¹4.
472 3451 653 3496 lv'ilinm.
691 3454 754 3497 Le
780 3454 1064 3525 fils-unique
1090 3454 1145 3498 de
1166 3455 1239 3498 Ci-
1353 3468 1445 3510 que
1477 3467 1562 3498 son
1593 3455 1702 3510 pere
1733 3457 1862 3498 avait
1887 3452 2110 3513 composa}
2134 3468 2254 3510 pour

340 3514 495 3553 coron,
525 3506 715 3548 Marcus
749 3508 936 3550 'rullius
976 3511 1156 3559 cicero,
1180 3508 1238 3553 ne
1353 3522 1437 3553 son
1466 3507 1716 3553 education
1756 3511 1938 3554 morale
1964 3514 2011 3555 et
2035 3508 2102 3555 lui
2128 3510 2261 3554 avait

342 3566 398 3599 eu
427 3554 576 3601 090-64
598 3558 676 3612 (Of.
702 3559 855 3613 Epist.
884 3561 945 3602 ad
969 3562 1182 3614 Atticum,
1201 3566 1237 3613 I,
1347 3560 1486 3608 dedic
1515 3564 1558 3607 le
1578 3563 1642 3606 De
1668 3563 1857 3619 Officiis.
