2570 4026
548 304 620 345 LE
667 311 694 338 «
737 303 849 346 PRo
894 304 946 346 o.
996 304 1236 348 RAmmo
1281 303 1751 352 PERDUELLioMs
1797 302 1910 345 nno
1940 308 1968 338 »
2100 285 2216 342 <295

296 435 808 498 necessitudinis
854 439 1007 498 esse
1051 439 1240 512 duxi;
1293 444 1511 501 tamen
1551 439 1619 498 in
1660 439 1782 498 hac
1831 434 2213 497 defensione

296 525 591 604 capitis¹,
645 527 855 601 famae,
886 528 1424 607 fortunarumque
1475 528 1769 592 omnium
1814 528 1879 587 C.
1941 525 2208 598 Rabirii,

296 617 714 695 proponenda
762 617 922 678 ratio
962 619 1217 682 videtur
1248 637 1393 680 esse
1448 619 1638 680 officii
1678 617 1832 689 mei,
1873 618 2213 695 propterea

296 706 492 784 quod,
529 726 674 783 quae
704 706 1082 784 justissima
1111 709 1272 768 mihi
1310 726 1506 770 causa
1545 708 1624 768 ad
1654 708 1828 766 hunc
1858 704 2210 765 defenden-

294 796 451 855 dum
495 813 640 857 esse
693 797 835 857 visa
877 801 996 870 est,
1056 797 1282 859 eadem
1345 798 1535 861 vobis
1599 796 1678 858 ad
1736 790 2207 858 absolvendum

293 883 486 948 debet
529 885 757 948 videri.

370 1003 428 1061 2.
476 1004 639 1061 Nam
677 1018 780 1061 me
824 1019 978 1062 cum
1011 1004 1312 1065 amicitiae
1353 1007 1664 1071 vetustam,
1710 1019 1862 1062 cum
1893 997 2213 1077 dignitas²

291 1092 605 1167 hominis,
637 1108 790 1151 cum
822 1092 986 1152 ratio
1017 1094 1465 1168 humanitatiS,
1510 1111 1663 1154 cum
1693 1109 1853 1152 meae
1887 1090 2032 1150 vitae
2065 1106 2210 1167 per-

292 1184 483 1259 petua
526 1181 953 1255 consuetude,
993 1183 1069 1243 ad
1111 1184 1176 1244 C.
1213 1184 1558 1244 Rabirium·
1591 1180 2068 1242 defendendum
2113 1182 2211 1238 est

291 1270 645 1344 adhortata,
667 1274 805 1328 tum
826 1289 1003 1346 vero,
1025 1276 1097 1332 ut
1114 1272 1178 1332 id
1195 1273 1678 1340 studiosissime
1702 1272 2004 1342 facerem,
2031 1269 2209 1328 salus

290 1360 382 1420 rei
420 1361 721 1437 publicae,
770 1361 1112 1421 consulare
1158 1363 1473 1439 officium,
1516 1360 1897 1422 consulatus
1929 1357 2208 1434 denique

291 1450 428 1529 ipse
453 1451 614 1509 mihi
648 1471 779 1514 una
808 1472 844 1513 a
872 1453 1057 1512 vobis
1084 1450 1105 1483 ³
1138 1469 1290 1512 cum
1331 1454 1537 1512 salute
1581 1452 1670 1511 rei
1711 1450 1986 1528 publicae
2029 1465 2207 1508 com-

286 1539 654 1616 mendatuS,
725 1542 956 1619 coegit.
1026 1543 1167 1601 Non
1221 1541 1397 1601 enim
1458 1542 1521 1602 C.
1589 1539 1950 1611 Rabirium,
2019 1537 2208 1614 culpa

288 1628 529 1703 delicti,
570 1648 703 1691 non
743 1632 1006 1705 invidia,
1048 1631 1325 1709 vitaeque
1362 1630 1715 1709 turpitudO,
1754 1644 1889 1688 non
1927 1627 2206 1703 denique

286 1722 560 1794 vetereS,
601 1721 817 1798 justae,
860 1738 1220 1800 gravesque
1270 1721 1630 1782 inimicitiae
1676 1720 1918 1780 civium
1965 1718 2033 1777 in
2074 1716 2205 1776 dis-

287 1808 535 1868 crimen
582 1811 810 1887 capitis
863 1814 1260 1870 vocaverunt
1302 1828 1316 1869 z
1376 1810 1491 1871 sed
1539 1813 1612 1870 ut
1656 1809 1814 1869 illud
1869 1817 2203 1868 summum

287 1896 649 1958 auxilium*
707 1900 1072 1977 majestatis
1119 1904 1311 1977 atque
1362 1900 1642 1977 imperii,
1705 1897 1879 1975 quod
1931 1896 2120 1983 nobis
2171 1913 2207 1955 a

286 1988 649 2066 majoribus
686 1993 784 2051 est
825 1989 1157 2067 traditum,
1207 1990 1282 2051 de
1329 2008 1397 2051 re
1437 1989 1700 2068 publica
1736 1987 2093 2061 tolleretur,
2133 1989 2203 2046 ut

285 2077 447 2137 nihil
475 2080 747 2157 posthac
778 2080 1130 2140 auctoritas
1172 2084 1458 2151 senatus,
1503 2079 1667 2139 nihil
1709 2079 2048 2139 consulare
2080 2076 2202 2135 im-

282 2166 559 2244 perium,
601 2169 764 2228 nihil
809 2170 1158 2230 consensio
1203 2172 1528 2231 bonorum
1571 2172 1796 2230 contra
1839 2171 2088 2245 pestem
2130 2183 2204 2226 ac

283 2257 638 2333 perniciem
656 2256 678 2290 ³
701 2259 980 2319 civitatis
1006 2260 1282 2333 valeret3
1314 2261 1553 2321 idcirco
1578 2260 1645 2318 in
1674 2259 1777 2318 his
1809 2257 2004 2318 rebus
2023 2273 2202 2316 ever-

282 2346 493 2406 tendis
525 2347 720 2412 unius
747 2347 1033 2409 hominis
1062 2355 1386 2424 senectus,
1408 2349 1751 2409 infirmitas
1788 2346 2204 2422 solitudoque

282 2439 524 2496 tentata
549 2442 667 2497 est.
698 2439 754 2497 3.
783 2438 986 2509 Quam
1010 2439 1092 2498 ob
1120 2455 1281 2513 rem,
1319 2438 1373 2497 si
1403 2442 1501 2499 est
1528 2439 1678 2498 boni
1712 2435 2023 2509 consuliS,
2048 2452 2198 2495 cum

330 2620 383 2684 13
406 2621 599 2676 Capitis.
632 2624 697 2667 Le
722 2625 871 2668 crime
901 2625 959 2668 de
984 2625 1187 2678 perduel-
1300 2626 1434 2680 signe
1461 2624 1586 2668 ainsi
1608 2625 1657 2667 la
1677 2624 1883 2667 formule
1902 2623 1986 2666 des
2007 2621 2205 2664 fameux

281 2675 339 2716 lio
365 2677 481 2720 etait
507 2689 573 2720 un
598 2678 745 2721 crime
771 2679 968 2732 capital.
1297 2678 1764 2722 senatus—consultes
1791 2677 1905 2719 dont
1939 2677 2006 2719 les
2032 2678 2206 2718 termes

328 2729 370 2772 2.
419 2730 679 2773 vetustas...
720 2730 937 2784 diqnims.
982 2734 1056 2776 Cf.
1093 2733 1186 2773 Pro
1297 2734 1505 2777 etaient:
1545 2731 1738 2776 Videant
1772 2730 1973 2772 consules
2009 2740 2065 2770 ne
2097 2728 2206 2781 quid

277 2782 465 2834 Archia,
513 2795 598 2833 ΧΠ,
626 2780 714 2827 312
750 2784 1055 2830 Amicorum...
1091 2799 1184 2826 cum
1297 2786 1554 2829 detrimenti
1592 2799 1662 2828 res
1700 2785 1877 2837 publica
1916 2783 2087 2835 capiat.
2131 2782 2204 2824 En

277 2835 522 2892 dignitate,
539 2842 628 2879 tum
649 2839 783 2879 etiam
804 2840 1054 2883 vetustate.
1078 2861 1124 2871 -
1145 2839 1185 2881 Il
1297 2841 1392 2883 l'an
1430 2842 1523 2889 100,
1547 2852 1658 2883 sous
1690 2841 1733 2882 le
1763 2838 1983 2880 consulat
2013 2836 2069 2878 de
2108 2836 2206 2878 Ma-

279 2889 314 2931 s?
381 2890 416 2933 it
461 2890 524 2934 ici
564 2890 627 2934 du
670 2902 758 2935 ran
829 2891 1091 2936 honorable
1129 2892 1185 2936 de
1296 2893 1398 2937 rius
1423 2894 1545 2937 etde
1576 2895 1627 2937 L.
1651 2892 1877 2935 Valerius
1895 2891 2121 2939 FlaccuS,
2143 2900 2203 2932 en

276 2943 351 2986 Ra
384 2943 506 2988 irius
537 2946 582 2987 et
611 2955 709 2989 non
780 2957 805 2989 e
844 2946 969 2990 celui
1014 2946 1069 2990 de
1111 2956 1186 2989 ses
1294 2950 1430 2991 vertu
1457 2947 1597 2991 d'une
1618 2943 1934 2990 deliberation
1958 2944 2021 2986 du
2060 2943 2208 2987 senat

278 2997 417 3040 amis·
1327 3002 1593 3045 roclamant
1648 3000 1692 3043 le
1742 2996 2196 3047 senatusconsulte,

326 3049 376 3114 35·
405 3050 579 3113 ill-ilii...
601 3052 733 3095 vobis,
755 3053 819 3096 Le
841 3054 1009 3107 peuple
1030 3065 1058 3095 a
1077 3064 1186 3095 con·
1294 3012 1527 3098 Rabirius
1544 3055 1671 3097 avait
1694 3054 1792 3107 pris
1824 3054 1893 3096 les
1919 3062 2085 3112 armes.
2099 3062 2206 3093 con-

275 3099 331 3146 fie
352 3115 379 3146 a
404 3102 604 3149 ciceron
630 3103 672 3148 le
694 3108 913 3150 consulat
931 3109 976 3150 et
995 3107 1038 3149 le
1058 3106 1185 3149 salut
1295 3111 1361 3152 tre
1411 3109 1716 3150 Saturninus,
1765 3107 1834 3148 Cf.
1874 3106 1967 3146 Pro
2012 3104 2202 3152 Milone,

278 3155 333 3199 de
362 3157 411 3199 la
441 3157 761 3212 Republique.
789 3159 1032 3204 L'orateur
1053 3171 1181 3203 asso·
1293 3175 1432 3208 xxv1.
1475 3161 1559 3204 70:
1596 3161 1656 3202 Ut
1683 3159 1853 3201 videret
1888 3171 1943 3199 ue
1985 3156 2093 3210 ιμιὶιί
2134 3169 2204 3198 res

278 3209 347 3253 cie
393 3211 654 3255 volontiers
692 3214 761 3257 les
798 3215 1031 3257 Romains
1066 3213 1094 3256 a
1130 3224 1185 3256 sa.
1285 3215 1466 3269 publica
1495 3214 1752 3257 detrimenti
1780 3216 1974 3265 caperet,
2003 3223 2087 3264 quo
2116 3223 2202 3251 uno

271 3263 421 3318 gloire
464 3265 522 3309 de
560 3267 740 3310 consul.
782 3266 851 3308 Cf.
879 3268 974 3309 Pro
997 3266 1183 3317 Archia,
1293 3269 1508 3310 versiculo
1527 3269 1591 3321 (la
1623 3268 1849 3318 formule)
1885 3265 2000 3306 satie
2037 3265 2204 3304 armati

273 3329 345 3368 xx,
373 3316 428 3362 28
455 3333 464 3359 :
498 3319 617 3368 Quas
654 3331 725 3360 res
755 3332 835 3361 nos
875 3320 922 3361 in
952 3320 1186 3361 consulatu
1294 3334 1465 3374 semper
1488 3322 1686 3363 consules
1708 3322 1905 3375 fuerunt,

181 3403 192 3415 .
274 3376 425 3412 nostro
466 3371 685 3414 vobiscum
731 3373 862 3413 simul
911 3385 994 3425 pro
1039 3373 1185 3415 salute
1346 3374 1388 3419 5.
1410 3375 1587 3417 Pestem
1608 3387 1660 3415 ac
1673 3373 1930 3427 perniciem.
1949 3371 2023 3413 Cf.
2044 3370 2200 3419 Catil„

251 3460 254 3463 Α
273 3424 424 3466 urbis..
459 3425 1179 3479 gessenna—Philipp„11‚v.¹11:
1296 3430 1333 3478 I,
1356 3440 1460 3476 xm,
1480 3429 1559 3471 33:
1587 3427 1839 3469 Catilina...
1857 3438 1949 3467 cum
1974 3429 2050 3464 tua
2071 3425 2202 3476 peste

275 3477 543 3520 Consulatus
565 3478 691 3519 verbo
718 3492 853 3530 meus,
871 3488 1030 3532 patres
1057 3493 1180 3521 cons-
1295 3494 1346 3523 ac
1369 3482 1592 3535 pernicie.
1609 3481 1817 3522 —I’estis
1833 3477 2043 3531 (perdere
2066 3478 2128 3527 3²),
2160 3477 2202 3519 le

275 3530 340 3571 cri
373 3531 425 3577 ti,
456 3544 504 3572 re
531 3535 676 3573 vester·
693 3533 797 3586 suit.
1296 3535 1444 3584 fleam
1488 3534 1708 3587 pernicies
1763 3536 1884 3585 (neas,
1929 3532 2053 3573 mort
2102 3530 2201 3572 vio-

356 3616 363 3623 .
393 3586 615 3643 Smnmum
632 3585 864 3627 ana-ilium.
884 3583 1084 3631 ciceron
1105 3586 1181 3632 de·
1297 3589 1462 3642 lente),
1490 3588 1715 3635 laruine,
1753 3587 1795 3628 la
1830 3588 1960 3639 perte
1987 3582 2144 3626 totale.
