2570 4026
852 372 923 416 LE
970 377 999 408 ί(
1050 372 1161 417 PRO
1207 373 1263 418 L:
1310 374 1529 419 FLACCO
1578 382 1607 412 >)

274 512 339 569 et
404 525 739 586 nunquam
810 507 1077 567 mutatis
1130 507 1385 586 legibus
1409 513 1427 544 ¹
1480 510 1725 570 vivunt..
1805 513 1824 569 l

272 599 515 663 Achaia
542 597 991 661 cunctamulti
1023 595 1238 674 legati,
1275 597 1539 675 Boeoti-a,
1571 598 1824 660 Thessa]

272 687 437 749 locis
480 703 691 764 nuper
736 685 982 765 legatus
1031 686 1097 747 L.
1144 685 1432 759 Flaccus,
1475 686 1824 767 imperator

272 776 554 854 praefuit.
872 775 878 784 ’

356 866 575 941 Neque
603 881 752 927 vero
785 868 870 936 te,
908 864 1189 926 Massilia
1206 866 1249 936 ²,
1280 867 1593 946 praetereo
1618 882 1762 945 quae
1793 866 1824 927 Ι

271 953 552 1013 militem
584 957 1104 1031 quaestoremque
1141 954 1473 1031 cognosti3
1507 955 1696 1031 cujus
1750 971 1824 1030 eg

251 1041 687 1121 *disciplinam
721 1045 911 1119 atque
938 1042 1320 1119 gravitatem
1355 1059 1488 1104 non
1519 1043 1732 1103 solum
1762 1043 1824 1101 G]

271 1127 448 1192 haud
486 1131 623 1191 scio
655 1148 736 1191 an
766 1131 1018 1192 cunctis
1048 1130 1348 1207 gentibus
1382 1131 1824 1209 anteponenda

272 1237 418 1297 quae
465 1224 595 1280 tam
648 1220 872 1300 procul
922 1237 959 1279 a
1006 1221 1378 1281 Graecorum
1439 1220 1737 1282 emnium
1795 1238 1824 1281 r

271 1308 639 1385 disciplinis
695 1308 1045 1387 linguaque
1090 1308 1318 1383 divisa,
1381 1325 1532 1368 cum
1570 1307 1649 1369 'in
1699 1309 1824 1371 ulti:

272 1397 485 1461 cincta
504 1399 839 1461 Gallorum
865 1398 1190 1475 gentibus,
1221 1396 1538 1459 barbariae
1560 1397 1824 1459 ssuctibu

270 1486 369 1547 sic
427 1487 841 1565 optimatium
891 1486 1163 1546 consilio
1194 1487 1616 1562 gubernatur,
1666 1491 1736 1549 ut
1777 1505 1824 1546 o]

270 1576 571 1640 instituta
640 1576 903 1636 laudare
974 1575 1232 1635 facilius
1287 1576 1562 1655 possint,
1624 1594 1820 1653 quam

270 1668 371 1729 64.
409 1666 599 1728 Hisce
629 1666 835 1727 utitur
859 1664 1304 1727 laudatoribus
1332 1664 1618 1741 Flaccus„
1651 1659 1755 1725 his
1804 1666 1823 1724 i

269 1755 573 1831 testibuS,
619 1758 692 1814 ut
739 1755 1114 1814 Graecorum
1164 1751 1502 1834 cupiditati
1543 1754 1824 1817 Graecort

269 1844 680 1908 resistamus.

352 1951 591 2010 XXVII.
622 1951 1008 2028 Quanquam
1039 1947 1186 2027 quis
1219 1948 1495 2027 ignorat,
1531 1950 1641 2028 qui
1674 1950 1824 2017 mod

270 2040 691 2100 mediocriter
740 2058 844 2102 res
886 2041 1043 2100 istas
1076 2038 1261 2101 ‘scire
1305 2039 1576 2114 curavit,
1613 2039 1824 2116 quint

269 2147 417 2189 rum
442 2146 680 2206 genera
699 2130 730 2175 ³*
752 2130 883 2188 sint
903 2128 1096 2190 vere?
1118 2142 1401 2204 quorum
1422 2128 1537 2191 uni
1569 2133 1722 2190 sunt
1737 2129 1824 2190 At]

271 2236 415 2295 quae
441 2236 600 2296 gens
632 2220 865 2279 Ionum
892 2219 1272 2290 habebatur,
1298 2218 1514 2281 AEoles
1547 2219 1756 2293 alteri,
1791 2219 1824 2280 l:

267 2309 793 2368 nominabantur.
831 2308 1035 2384 Atque
1084 2307 1221 2367 haec
1248 2311 1484 2370 cuncta
1513 2308 1774 2380 Graecia,
1823 2342 1824 2350 κ

270 2415 415 2474 quae
448 2398 670 2475 gloria,
703 2415 845 2474 quae
878 2397 1190 2467 doctrina,
1228 2413 1370 2472 quae
1401 2396 1703 2473 plurimis
1745 2405 1824 2456 ari

267 2486 464 2555 etiam
496 2487 772 2564 imperio
805 2491 868 2546 et
892 2485 1127 2546 bellica
1155 2485 1346 2545 laude
1380 2485 1620 2559 floruit,
1656 2503 1824 2564 parw

267 2575 421 2636 dam
461 2576 705 2651 locum,
757 2577 831 2635 ut
879 2574 1082 2648 scitis,
1132 2576 1401 2651 Europae
1443 2577 1639 2648 tenet,
1675 2592 1824 2650 sem]

265 2665 432 2724 nuit.
463 2665 629 2725 Asiae
658 2664 1057 2724 maritimam
1101 2680 1305 2737 oram,
1340 2664 1512 2724 bello
1559 2668 1821 2743 superat

267 2751 563 2823 urbibus,
599 2769 728 2812 non
754 2756 828 2812 ut
855 2751 1178 2813 munitam
1210 2750 1486 2812 coloniis
1518 2752 1697 2815 illam
1718 2770 1824 2830 aug

267 2843 341 2900 ut
371 2841 707 2902 obsessam
731 2845 1001 2903 teneret.

318 2976 342 3023 1
390 2982 591 3035 Leqibus.
613 2983 703 3026 Les
717 2983 807 3026 lois
824 2983 881 3027 de
902 2983 1168 3037 Lycurgue.
1282 2984 1414 3036 pales
1436 2983 1493 3029 de
1524 2982 1572 3026 la
1593 2984 1741 3029 Grece
1762 2997 1824 3029 802

264 3035 449 3084 Brutus,
492 3048 536 3082 x,
578 3035 660 3080 40:
692 3037 994 3090 Lycurgum...
1026 3049 1056 3077 a
1088 3048 1173 3090 quo
1283 3037 1352 3080 les
1382 3037 1579 3080 Eoliens
1617 3041 1664 3082 et
1701 3039 1770 3082 les
1811 3039 1824 3080 1

262 3092 335 3130 est
364 3086 603 3142 disciplina
623 3084 1054 3132 Lacedaemoniorum
1072 3088 1173 3131 ada·
1282 3090 1339 3134 de
1365 3090 1467 3140 Ion,
1509 3088 1672 3135 d’Eole
1697 3094 1744 3135 et
1788 3091 1824 3134 d<

267 3141 407 3182 tricta
434 3142 618 3194 lembuli.
769 3179 775 3186 .
1282 3146 1328 3188 et
1357 3145 1506 3188 Doroa
1530 3146 1639 3188 sont
1671 3144 1744 3188 fils
1769 3145 1824 3190 d'l

319 3193 360 3238 2.
389 3195 623 3239 Massilia.
645 3195 797 3239 Alliee
829 3195 965 3240 fidele
987 3200 1034 3240 et
1062 3198 1173 3240 esti·
1281 3198 1544 3241 Deucalion
1570 3202 1616 3241 et
1640 3198 1696 3242 de
1718 3200 1755 3241 P
1791 3211 1824 3241 ri

260 3244 369 3292 mee
420 3248 475 3291 de
515 3250 683 3300 Rome,
744 3251 1000 3297 Marseille,
1060 3262 1173 3293 sous
1282 3247 1428 3294 sauve
1453 3252 1518 3294 du
1543 3249 1728 3321 deluge.
1775 3264 1824 3296 ot

260 3303 496 3356 l‘empire.
524 3303 672 3346 devra
696 3302 724 3346 a
747 3304 794 3346 la
819 3303 1083 3357 prosperita
1115 3303 1171 3347 de
1280 3305 1496 3356 xuthus,
1524 3306 1599 3350 tile
1627 3306 1657 3349 d
1676 3306 1824 3353 Helle]

262 3367 344 3399 ses
378 3355 533 3398 e'coles
563 3357 605 3400 le
638 3367 836 3400 eurnom
867 3357 923 3400 de
952 3357 1170 3400 Nouvelle
1333 3355 1372 3401 4.
1403 3358 1621 3414 Auqeret.
1653 3360 1714 3403 Ge
1753 3370 1824 3404 mo

256 3409 475 3453 Atlas-nes.
526 3410 684 3453 Avant
724 3407 941 3459 ciceron.
966 3411 1171 3454 Aristote
1280 3421 1368 3464 pas
1400 3423 1465 3455 un
1497 3425 1605 3458 sens
1637 3412 1731 3456 tres
1772 3425 1824 3456 sa

253 3463 535 3516 (Pontique,
561 3465 642 3511 Vl,
690 3466 774 3517 vn)
806 3466 935 3508 avait
962 3463 1073 3507 lone
1104 3464 1171 3506 les
1280 3475 1375 3508 une
1438 3467 1704 3510 correction
1760 3468 1816 3510 de

260 3517 584 3564 institutione.
620 3518 689 3560 les
728 3519 819 3561 lois
842 3520 889 3561 et
918 3519 989 3563 les
1010 3519 1171 3561 vertus
1279 3514 1813 3573 Faerne(Rome,1563)‚

261 3569 326 3612 de
347 3570 605 3613 Marseille.
1278 3571 1497 3626 adoptee.
1534 3575 1602 3616 La
1620 3573 1756 3623 lecon
1789 3573 1824 3619 ἀ·

311 3621 353 3665 3.
377 3622 480 3664 Tria
498 3621 744 3666 Grecorum
766 3636 944 3676 amera.
965 3625 1170 3670 suivant
1278 3631 1417 3674 raret,
1440 3636 1499 3671 ne
1525 3625 1712 3681 signifie
1743 3627 1824 3670 riei

261 3677 316 3720 la
348 3675 589 3729 tradition,
613 3677 683 3722 les
705 3678 820 3722 trois
836 3689 971 3725 renes
994 3678 1169 3734 priuci—
1277 3675 1459 3732 jecture
1484 3683 1679 3731 reyeret.
