2570 4026
449 331 475 361 «
512 325 568 368 IN
601 326 667 368 m.
701 325 1012 368 ANTONIUM
1043 325 1259 369 calmo
1289 323 1619 368 PHILIPPICA
1650 326 1918 370 SECUNDA
1951 331 1982 361 »
2066 309 2186 367 465

267 460 523 519 trahere
553 459 848 539 potuisti.
877 459 1117 519 CEDANT
1147 477 1318 530 ARMA
1343 460 1772 531 TOGAE.1Quid‘.'
1802 463 1942 520 tum
1970 476 2186 520 nonne

269 550 645 608 cesserunt?
685 550 762 608 At
791 554 1018 625 postea
1063 550 1194 609 tuis
1236 548 1436 609 armis
1487 550 1689 609 cessit
1718 553 1889 625 toga.
1934 548 2189 619 Quaera-

267 654 417 700 mus
477 637 693 714 igitur,
747 644 967 697 utrum
1036 639 1277 699 melius
1346 637 1562 707 fuerit,
1628 637 1909 698 libertati
1965 638 2188 714 populi

266 726 540 785 Romani
591 719 1054 787 sceleratorum
1101 745 1302 800 arma,
1350 744 1430 785 an
1475 726 1841 786 libertatem
1897 731 2188 787 nostram

266 815 467 874 armis
511 814 640 874 tuis
694 813 1130 877 cedere.'Nec
1172 833 1325 875 vero
1371 815 1488 874 tibi
1539 815 1615 875 de
1653 815 1958 876 versibus
2003 815 2191 892 plura

271 905 711 980 respondeb03
751 907 1002 965 tantum
1036 905 1246 965 dicam
1295 904 1596 978 breviter,
1641 908 1701 964 te
1742 921 1952 981 neque
2004 902 2183 979 illos,

271 1010 480 1070 neque
538 993 703 1053 ullas
751 994 1017 1053 omnino
1061 993 1309 1054 litteras
1365 1010 1586 1066 nosse,
1636 1011 1741 1053 me
1784 1010 1905 1052 nec
1942 993 2033 1053 rei
2075 1011 2189 1070 pu-

270 1081 477 1153 blicae,
530 1100 650 1143 nec
696 1083 923 1143 amicis
963 1100 1249 1160 unquam
1299 1081 1609 1156 defuisse,
1656 1086 1718 1142 et
1749 1086 1967 1141 tamen
2008 1084 2187 1141 omni

269 1188 502 1250 genere
546 1175 1120 1231 monumentorum
1165 1188 1466 1231 meorum
1508 1171 1883 1248 perfecisse,
1922 1166 1993 1230 ut
2025 1189 2186 1231 meae

272 1260 528 1337 vigiliae,
591 1277 884 1337 meaeque
928 1260 1179 1334 litterae,
1238 1266 1301 1320 et
1335 1260 1705 1337 juventuti¹
1755 1260 2077 1333 utilitatis,
2127 1266 2191 1320 et

268 1349 522 1408 nomini
554 1349 845 1409 Romano
877 1349 1084 1409 laudis
1111 1348 1354 1426 aliquid
1385 1350 1705 1409 afferrent.
1740 1349 1863 1409 Sed
1896 1350 2031 1410 haec
2055 1367 2190 1409 non

268 1438 465 1515 hujus
497 1439 842 1514 temporis;
877 1440 1124 1517 majora
1153 1438 1513 1498 videamus,

340 1606 629 1660 Dssuxiiffln
666 1624 857 1661 murm
908 1606 1272 1676 (xvm-xmv).
1318 1609 1685 1677 Re'quisitoire
1720 1613 1907 1661 contre
1925 1609 2185 1663 Antoine.
2247 1619 2252 1623 ·

261 1686 563 1741 L'orateur
618 1692 899 1758 parcourt
942 1692 1102 1742 toute
1135 1688 1192 1743 la
1217 1689 1306 1742 vie
1354 1688 1682 1754 d'Antoine,
1718 1687 1928 1757 depuis
1959 1703 2023 1742 sa
2060 1704 2188 1758 pre-

263 1768 446 1822 miere
461 1768 740 1838 jeunesse
757 1768 1077 1838 Jusqu'aux
1099 1774 1257 1824 actes
1274 1768 1360 1822 les
1382 1766 1514 1838 plus
1540 1770 1773 1823 recents
1803 1768 1874 1823 de
1900 1782 1967 1823 sa
1990 1773 2186 1838 tyran-

265 1846 383 1915 nie,
411 1863 562 1917 pour
580 1853 794 1901 mettre
828 1864 901 1902 en
932 1847 1179 1902 lumiere
1209 1853 1401 1904 toutes
1419 1846 1505 1901 les
1530 1847 1756 1902 actions
1783 1849 2103 1902 honteuses
2132 1853 2190 1902 et

269 1927 587 1982 scelerates
615 1927 756 1998 qu'il
793 1944 827 1982 a
853 1928 1183 1983 commiseS.

338 2009 504 2063 Deux
547 2008 1061 2080 developpements
1101 2012 1234 2064 sont
1278 2015 1513 2067 surtout
1547 2010 1583 2066 ἐι
1621 2026 1988 2081 remarquer‚
2034 2007 2187 2064 celui

270 2088 345 2142 ou
376 2088 618 2143 Ciceron
646 2090 907 2161 rappelle
943 2089 999 2144 la
1022 2090 1301 2160 jeunesse
1336 2090 1672 2158 d'Antoine,
1708 2108 1772 2145 sa
1796 2089 2012 2145 liaison
2045 2105 2185 2144 avec

270 2169 527 2238 ClodiuS,
573 2186 636 2225 sa
684 2174 964 2240 questure
1014 2174 1071 2224 et
1115 2187 1220 2225 son
1253 2171 1548 2239 tribunat;
1599 2203 1663 2212 —
1714 2175 1773 2225 et
1802 2170 1954 2225 celui
1990 2168 2065 2224 ou
2097 2174 2187 2224 est

269 2252 519 2320 exposee
554 2250 611 2305 la
641 2250 918 2305 conduite
961 2249 1273 2306 d'Antoine
1314 2251 1347 2306 a
1377 2251 1432 2308 la
1463 2251 1577 2307 sete
1612 2253 1715 2307 des
1748 2251 2096 2323 Lupercales
2129 2255 2189 2304 et

271 2345 386 2384 aux
415 2330 759 2384 funerailles
800 2331 871 2384 de
897 2331 1093 2387 cesar.

727 2538 836 2593 La
865 2537 1221 2607 Jeunesse
1261 2538 1671 2595 d’Antoine.

339 2715 499 2773 XIX.
546 2716 645 2772 47.
694 2713 818 2773 Sed
863 2713 999 2790 jam
1051 2718 1272 2791 stupra
1320 2721 1381 2774 et
1430 2715 1712 2791 flagitia2
1759 2716 2175 2789 omittamus3

264 2808 418 2864 sunt
456 2803 776 2880 quaedam,
816 2820 969 2879 quae,
1000 2803 1269 2864 honeste
1318 2822 1449 2864 non
1496 2822 1766 2882 possum
1813 2805 2062 2874 dicere·‚
2110 2812 2179 2866 tu

262 2897 478 2953 autem
507 2910 581 2959 eo
615 2893 898 2970 liberior,
930 2892 1102 2970 quod
1128 2911 1202 2952 ea
1229 2895 1294 2952 in
1321 2899 1382 2953 te
1415 2894 1758 2969 admisisti,
1786 2913 1927 2974 quae
1956 2914 1991 2954 a
2012 2913 2181 2956 vere-

263 2983 474 3043 cundo
494 2984 514 3017 ³
536 2983 800 3043 inimico
825 2984 1046 3043 audire
1077 3001 1208 3044 non
1235 3001 1487 3062 posses,
1526 2984 1999 3062 Sedreliquum
2032 2988 2176 3047 vitae

311 3170 349 3211 1.
372 3169 621 3211 Iuventati.
653 3169 771 3212 C'est
808 3180 900 3212 une
948 3168 1168 3223 preoccu-
1278 3182 1322 3224 p.
1343 3169 1444 3215 130.
1468 3172 1677 3224 Stnprum
1708 3171 1749 3214 16
1770 3167 2070 3214 deshonneur
2091 3173 2175 3226 qui

256 3226 418 3277 pation
438 3226 689 3266 constante
716 3223 771 3266 de
802 3223 994 3265 Ciceron
1023 3224 1165 3266 d'etre
1275 3225 1405 3266 vient
1435 3226 1491 3267 de
1518 3225 1564 3267 la
1584 3224 1829 3267 debauche
1857 3224 1972 3267 dont
2003 3227 2049 3268 la
2072 3227 2174 3278 jeu-

257 3277 375 3319 utile
420 3276 444 3318 a
477 3277 785 3330 lajeunesse.
822 3277 892 3318 Cf.
927 3276 1071 3330 Epist.
1104 3277 1165 3318 acl
1274 3288 1415 3320 nesse
1444 3278 1691 3321 d'Antoine
1715 3275 1831 3321 aete
1854 3279 2073 3322 souillee.
2108 3294 2113 3301 ⁸

256 3331 417 3379 Attio„
440 3331 505 3379 11,
544 3342 575 3376 ι,
598 3331 620 3371 3
645 3344 653 3370 z
677 3329 991 3373 oratiunculas
1016 3336 1162 3372 autem
1328 3331 1367 3373 3.
1418 3331 1668 3373 verecundo
1710 3333 1929 3389 (pereor).
1972 3333 2176 3375 Antoine

256 3389 299 3424 et
319 3395 430 3437 quas
443 3381 665 3436 postulas.
688 3388 732 3424 et
773 3383 1036 3425 lacresetiam
1062 3385 1162 3424 mit-
1275 3383 1387 3427 s’est
1418 3383 1682 3428 deshonore
1716 3396 1802 3438 par
1835 3384 1919 3427 des
1951 3385 2176 3427 infamies

257 3441 362 3483 tam,
409 3437 614 3490 quoniam
643 3437 736 3489 quic
753 3449 816 3477 em
852 3449 903 3477 ea
947 3448 1041 3490 qux?
1083 3450 1162 3479 noa
1271 3449 1363 3491 que
1391 3449 1475 3480 son
1498 3438 1699 3493 laugage
1716 3440 1917 3492 cynique
1937 3438 2174 3490 (Uberior)

253 3490 504 3535 scribimus.
531 3488 960 3530 adulescentulorum
999 3490 1162 3531 studiis
1271 3492 1384 3544 peut
1408 3492 1640 3544 rappeler,
1666 3493 1789 3534 mais
1819 3492 1935 3533 dont
1986 3501 2050 3533 un
2087 3490 2169 3533 ad-

256 3543 462 3589 ατε-παῖε,
483 3546 524 3583 te
544 3542 679 3582 etiam
700 3541 941 3583 delectant.
1257 3544 1480 3587 ’versaire
1529 3546 1611 3597 qui
1653 3545 1809 3586 craint
1858 3545 1901 3587 16
1946 3544 2172 3587 scandale

305 3594 350 3637 2.
375 3594 596 3645 Flaqitia.
625 3595 738 3637 Voir
777 3595 825 3636 la
849 3598 957 3638 note
979 3597 1003 3637 4
1031 3593 1088 3637 de
1114 3596 1163 3638 la.
1269 3595 1573 3650 (verecundus)
1594 3608 1653 3641 ne
1674 3600 1787 3652 peut
1812 3597 1985 3650 parler.
