2570 4026
798 293 868 339 Lis:
914 301 943 332 «
992 295 1101 337 pao
1145 295 1297 337 LEGE
1341 271 1584 339 MANIL'IA
1633 304 1660 332 »
2077 287 2191 342 0255

278 431 429 494 belli
460 448 668 509 genus
711 447 854 489 esse
894 430 982 490 ita
1028 430 1497 505 necessarium,
1548 435 1621 489 ut
1678 432 1762 491 sit
1800 434 2191 510 gerendum;

272 539 404 581 non
432 538 578 581 esse
610 522 698 579 ita
726 536 1060 597 magnum,
1080 524 1168 605 ‘ut
1198 518 1282 578 sit
1306 520 1924 595 pertimescendum.
1961 525 2032 582 ln
2064 542 2191 601 quo

274 611 552 671 maxime
584 607 1011 670 laborandum
1043 614 1159 682 est,
1195 626 1276 667 ne
1318 608 1482 667 sorte
1529 626 1603 668 ea
1650 611 1834 670 vobis
1863 631 2001 688 quae
2038 614 2189 672 dili-

272 700 650 776 gentissime
704 697 1103 776 providenda
1146 704 1321 771 sunt,
1367 700 1840 760 contemnenda
1898 719 2041 760 esse
2096 704 2190 761 vi-

273 790 562 850 deantur.
594 791 825 867 Atque,
864 791 936 848 ut
961 805 1191 848 omnes
1224 785 1630 863 intellegant,
1663 806 1767 848 me
1812 792 1878 852 L.
1922 793 2190 851 Lucullo

273 883 523 940 tantum
556 879 888 957 impertire
922 877 1161 951 laudis,
1198 881 1518 955 quantum
1556 877 1704 938 forti
1737 879 1875 939 viro
1911 882 1953 954 ¹,
1998 885 2061 939 et
2092 899 2190 940 sa-

271 968 471 1045 pienti
502 968 779 1040 homini,
820 974 884 1028 et
914 981 1151 1044 magno
1194 967 1571 1043 imperatori
1630 968 1961 1042 debeatur,
2018 971 2187 1046 dieO‚

273 1056 412 1135 ejus
443 1057 723 1118 adventu
753 1057 1074 1117 maximas
1108 1056 1494 1117 Mithridatis
1542 1058 1761 1133 copias
1790 1059 1832 1131 2,
1884 1060 2188 1119 omnibus

271 1148 463 1207 rebus
496 1151 754 1207 ornatas
784 1150 974 1223 atque
1006 1146 1355 1205 instructas
1389 1143 1613 1220 fuisse,
1636 1148 1995 1226 urbemque
2023 1150 2186 1222 Asiae

270 1236 728 1306 clarissimam,
779 1235 1098 1311 nobisque
1166 1233 1637 1293 amicissimam
1686 1236 2184 1312 Cyzicenoru1n³

272 1327 610 1385 obsessam
637 1341 780 1384 esse
810 1324 886 1383 ab
915 1324 1057 1400 ipso
1107 1339 1255 1401 rege
1305 1324 1589 1383 maxima
1646 1325 2085 1395 multitudine,
2123 1332 2184 1386 et

271 1418 705 1494 oppugnatam
743 1412 1340 1484 vehementissime,
1372 1430 1569 1488 quam
1601 1415 1667 1472 L.
1705 1415 2181 1475 Lucullus-vir-

267 1509 424 1580 tute,
457 1502 859 1575 assiduitate,
889 1501 1190 1577 consiliO,
1221 1502 1499 1561 summis
1545 1503 1904 1570 obsidionis
1934 1507 2181 1583 perieu-

265 1595 346 1654 lis
364 1593 694 1654 liberavit.
719 1594 816 1651 21.
866 1592 956 1650 Ab
1008 1589 1237 1651 eodem
1282 1591 1673 1667 imperatore
1720 1592 2002 1654 classem‘
2041 1613 2182 1658 ma-

263 1701 456 1761 gnam
507 1686 569 1741 et
644 1685 962 1753 ornatam,
1038 1697 1179 1757 quae
1239 1679 1516 1739 ducibus
1596 1681 1986 1742 Sertorianis
2025 1685 2046 1718 4
2105 1685 2183 1743 'ad

264 1772 513 1832 Italiam
548 1770 767 1831 studio
794 1770 1194 1829 inflammata
1232 1773 1588 1847 raperetur,
1625 1775 1992 1847 superatam
2040 1790 2183 1832 esse

265 1866 453 1938 atque
485 1861 863 1937 depressam
896 1856 917 1889 ⁵
944 1876 959 1931 ·,
994 1875 1264 1937 magnas
1291 1858 1585 1918 hostium
1623 1864 1935 1936 praeterea
1966 1862 2185 1938 copias

262 1950 486 2010 multis
532 1949 779 2029 proeliis
833 1965 976 2008 esse
1030 1947 1307 2021 deletas3
1363 1947 1888 2026 patefactumque
1944 1952 2182 2010 nostris

266 2040 636 2118 legionibus
667 2056 811 2099 esse
834 2039 1112 2097 Pontum
1140 2039 1185 2111 ⁶,
1230 2037 1339 2113 qui
1384 2041 1572 2097 antea
1601 2039 1841 2115 populo
1890 2040 2181 2100 Romano

267 2147 343 2189 ex
378 2118 558 2190 omni
586 2128 768 2188 aditu
803 2128 1067 2186 clausus
1106 2126 1367 2198 fuisset3
1406 2126 1687 2203 Sinopen
1722 2128 1742 2160 ⁷
1785 2131 1974 2205 atque
2006 2130 2180 2188 Ami-

267 2237 436 2293 sum,
470 2218 705 2296 quibus
736 2218 804 2276 in
830 2217 1086 2293 oppidis
1104 2219 1287 2275 erant
1304 2214 1632 2275 domicilia
1653 2217 1849 2294 regis,
1873 2219 2178 2278 omnibus

264 2310 456 2369 rebus
499 2313 758 2368 ornatas
795 2323 869 2366 ao
907 2305 1179 2365 refertas
1239 2309 1615 2381 ceterasque
1653 2306 1850 2365 urbes
1902 2307 2087 2366 Ponti
2118 2314 2180 2367 et

258 2534 321 2570 xx,
361 2523 409 2564 21
449 2536 458 2561 ε
491 2519 852 2562 Mithridaticum
886 2518 1043 2559 bellum
1075 2530 1165 2557 ma-

258 2590 387 2628 qmem
412 2580 544 2628 atque
569 2573 762 2628 difficile.
880 2611 885 2619 ,

307 2632 346 2670 1.
379 2628 509 2669 For-ti
533 2628 639 2668 viro.
673 2627 741 2667 Cf.
764 2626 858 2666 Pro
881 2625 1064 2673 Archia,
1094 2636 1161 2672 xx,

259 2684 302 2724 -21
346 2697 355 2722 :
402 2681 454 2722 L.
497 2681 743 2729 Lucullum,
786 2679 1079 2734 fortissimum
1121 2682 1165 2718 et

253 2735 543 2777 clarissimum
562 2735 715 2773 virum.

303 2788 343 2832 2.
379 2788 556 2839 Copias,
598 2788 860 2840 Plutarque
893 2789 939 2828 et
977 2785 1157 2838 Appien

286 2841 442 2885 arlent
457 2839 513 2882 de
532 2835 835 2882 l'immensite
862 2839 944 2881 des
966 2840 1157 2890 troupes

253 2853 307 2939 ge
334 2893 611 2938 Mithridate
638 2904 730 2935 aux
769 2891 919 2935 uelles
946 2891 1161 2935 s’etaient

253 2949 389 2991 unies
413 2948 484 2991 les
518 2946 702 2989 armees
773 2957 799 2988 e
833 2946 1054 2999 Tigrane,
1088 2945 1158 2986 roi

254 3000 537 3051 d'Armenie,
579 2998 831 3052 beau-pere
870 2999 934 3041 du
980 2999 1050 3040 roi
1094 2998 1157 3039 du

252 3056 387 3098 Pont.

297 3109 337 3150 3.
376 3104 1156 3158 Urbem.;.Cyziceno⁷-mn.Gyzique‚

255 3162 364 3204 ville
395 3160 454 3203 de
478 3160 644 3213 Mysie,
678 3170 760 3200 sur
786 3158 833 3200 la
852 3157 1155 3210 Propontide,

256 3213 388 3258 fidele
414 3212 550 3256 alliee
584 3213 640 3255 de
667 3213 830 3260 Rome,
867 3223 915 3254 se
950 3210 1161 3253 defendit

258 3269 367 3310 bien
391 3269 553 3309 contre
575 3265 848 3308 Mithridate
873 3265 955 3319 qui
986 3262 1163 3305 l'assie-

261 3322 384 3375 geait
417 3322 462 3364 et
495 3320 567 3361 fut
603 3317 776 3361 sauvee
811 3329 896 3372 par
930 3317 1161 3377 Lucullus

259 3375 337 3428 qui
380 3373 560 3427 bloqua
600 3375 644 3416 et
682 3371 860 3414 affama
907 3372 974 3413 les
1020 3371 1163 3411 65516-

263 3429 428 3480 geants
448 3426 570 3468 dans
596 3427 698 3468 leur
723 3436 875 3478 camp.

305 3483 346 3523 4.
378 3479 673 3521 Sertorianis.
695 3479 809 3520 Voir
832 3480 898 3521 165
919 3480 1054 3520 110165
1074 3478 1100 3517 3
1120 3479 1164 3520 et

261 3535 283 3575 4
306 3533 362 3576 de
386 3533 435 3576 la
457 3542 577 3586 page
597 3533 691 3574 144.

1327 2520 1368 2558 5.
1403 2517 1681 2570 Depressam..
1722 2518 1870 2580 Apres
1905 2521 2037 2563 avoir
2076 2531 2182 2562 con-

1276 2571 1421 2612 traint
1459 2571 1732 2613 Mithridate
1763 2584 1788 2613 a
1824 2573 1951 2614 lever
1975 2574 2017 2614 ]6
2054 2574 2180 2627 siege·

1275 2624 1331 2666 de
1367 2625 1584 2678 Cyzique,
1623 2625 1867 2672 Lucullus,
1905 2626 2039 2668 lance
2075 2627 2098 2669 εἰ
2138 2629 2176 2669 la

1275 2678 1525 2731 poursuite
1544 2678 1600 2720 de
1627 2679 1672 2719 la
1687 2678 1813 2721 ssotte
1835 2681 2066 2729 eunomio,
2087 2681 2182 2722 l'ul-

1269 2732 1450 2786 teignit,
1497 2731 1545 2773 la
1590 2732 1808 2784 vainquit
1846 2734 1890 2774 et
1938 2733 1985 2775 la
2025 2736 2178 2782 ceula,

1268 2784 1390 2826 dans
1415 2785 1484 2826 les
1507 2795 1630 2826 eaux
1661 2784 1829 2828 de.l'ile
1864 2785 1921 2827 de
1947 2783 2177 2835 Tenedos,

1268 2848 1326 2880 en
1375 2838 1478 2880 face
1528 2838 1584 2879 de
1628 2838 1676 2880 la
1724 2839 1923 2881 Troade.
1965 2840 2032 2880 Cf.
2087 2841 2180 2881 Pru

1234 2908 1237 2913 ·
1267 2891 1454 2940 Archia,
1475 2903 1541 2939 xx,
1563 2892 1612 2932 21
1631 2905 1640 2936 ς
1662 2891 1754 2933 Pro
1778 2891 1983 2941 Murena,
2007 2904 2085 2943 xv,
2108 2896 2173 2934 33.

1321 2964 1361 3003 6.
1394 2962 1599 3003 Pontum.
1646 2963 1713 3003 Cf.
1751 2963 1842 3003 Pro
1873 2963 2057 3012 Archia,
2108 2977 2174 3014 lx,

1267 3016 1317 3056 21
1348 3028 1358 3056 :
1384 3014 1581 3068 Populus
1602 3016 1716 3057 enim
1735 3016 1960 3056 Romanus
1983 3019 2175 3070 aperuit,

1268 3067 1450 3109 Lucullo
1470 3069 1731 3121 imperante,
1752 3069 1958 3110 Pontum.

1321 3142 1361 3179 7.
1394 3139 1604 3191 Sinopen.
1638 3141 1752 3182 Voir
1779 3141 1825 3182 la
1849 3141 1956 3183 note
1991 3144 2016 3182 4
2043 3141 2102 3183 de
2136 3144 2182 3184 la

1268 3192 2185 3249 111418111ορ6,Α11115115,Τ11611115ογ16,

1271 3246 1547 3298 Eupatoria,
1578 3246 1820 3296 Heraclee,
1848 3248 1987 3290 villes
2024 3247 2088 3289 du
2113 3250 2183 3291 lit-

1268 3299 1394 3341 toral
1440 3299 1501 3340 du
1538 3301 1856 3350 Pont-Euxin,
1898 3301 2074 3343 etaient
2117 3304 2184 3345 les

1272 3351 1542 3394 residences
1631 3355 1815 3408 royales
1903 3354 2185 3405 (domicilia,

1273 3407 1537 3475 potamia),
1604 3415 1663 3457 οὺ
1721 3416 1994 3458 Mithridate
2059 3419 2186 3459 avait

1273 3476 1461 3519 amasse
1495 3476 1800 3519 d'imnienses
1826 3488 2100 3521 ressources
2125 3490 2182 3520 en

1273 3531 1488 3571 hommes
1510 3533 1554 3571 et
1579 3540 1637 3571 en
1659 3533 1839 3584 argent.

1810 3619 1896 3668 14.
