<?xml version="1.0" encoding="UTF-8"?>
<!DOCTYPE html PUBLIC "-//W3C//DTD XHTML 1.0 Transitional//EN"
    "http://www.w3.org/TR/xhtml1/DTD/xhtml1-transitional.dtd">
<html xmlns="http://www.w3.org/1999/xhtml" xml:lang="en" lang="en">
 <head>
  <title>
</title>
<meta http-equiv="Content-Type" content="text/html;charset=utf-8" />
  <meta name='ocr-system' content='tesseract 3.04.00' />
  <meta name='ocr-capabilities' content='ocr_page ocr_carea ocr_par ocr_line ocrx_word'/>
</head>
<body>
  <div class='ocr_page' id='page_1' title='image "./extraitsetanaly00mirmgoog_0334.png"; bbox 0 0 2570 4026; ppageno 0'>
   <div class='ocr_carea' id='block_1_1' title="bbox 363 290 1768 353">
    <p class='ocr_par' dir='ltr' id='par_1_1' title="bbox 363 290 1768 353">
     <span class='ocr_line' id='line_1_1' title="bbox 363 290 1768 353; baseline 0.001 -4"><span class='ocrx_word' id='word_1_1' title='bbox 363 290 482 351; x_wconf 82' lang='grc'>322</span> <span class='ocrx_word' id='word_1_2' title='bbox 890 307 994 351; x_wconf 73' lang='lat' dir='ltr'>Lus</span> <span class='ocrx_word' id='word_1_3' title='bbox 1039 308 1326 352; x_wconf 75' lang='lat' dir='ltr'>msconns</span> <span class='ocrx_word' id='word_1_4' title='bbox 1368 307 1768 353; x_wconf 64' lang='lat' dir='ltr'>consummes</span> 
     </span>
    </p>
   </div>
   <div class='ocr_carea' id='block_1_2' title="bbox 354 441 2295 1594">
    <p class='ocr_par' dir='ltr' id='par_1_2' title="bbox 354 441 2295 1594">
     <span class='ocr_line' id='line_1_2' title="bbox 444 441 2295 520; baseline 0.003 -20"><span class='ocrx_word' id='word_1_5' title='bbox 444 442 546 500; x_wconf 91' lang='grc'>22.</span> <span class='ocrx_word' id='word_1_6' title='bbox 582 441 729 513; x_wconf 86' lang='lat' dir='ltr'>Sed,</span> <span class='ocrx_word' id='word_1_7' title='bbox 763 444 856 516; x_wconf 87' lang='lat' dir='ltr'>ut,</span> <span class='ocrx_word' id='word_1_8' title='bbox 886 441 1011 502; x_wconf 92' lang='lat' dir='ltr'>hoc</span> <span class='ocrx_word' id='word_1_9' title='bbox 1037 442 1310 514; x_wconf 55' lang='lat' dir='ltr'>omisso</span> <span class='ocrx_word' id='word_1_10' title='bbox 1335 441 1415 501; x_wconf 85' lang='lat' dir='ltr'>ad</span> <span class='ocrx_word' id='word_1_11' title='bbox 1442 441 1807 502; x_wconf 85' lang='lat' dir='ltr'>studiorum</span> <span class='ocrx_word' id='word_1_12' title='bbox 1839 446 2030 520; x_wconf 82' lang='lat' dir='ltr'>atque</span> <span class='ocrx_word' id='word_1_13' title='bbox 2053 443 2295 506; x_wconf 84' lang='lat' dir='ltr'>artium</span> 
     </span>
     <span class='ocr_line' id='line_1_3' title="bbox 361 531 2290 611; baseline 0.003 -21"><span class='ocrx_word' id='word_1_14' title='bbox 361 531 842 590; x_wconf 81' lang='lat' dir='ltr'>contentionem</span> <span class='ocrx_word' id='word_1_15' title='bbox 886 534 1308 604; x_wconf 78' lang='lat' dir='ltr'>revertamur,</span> <span class='ocrx_word' id='word_1_16' title='bbox 1357 532 1469 608; x_wconf 84' lang='lat' dir='ltr'>qui</span> <span class='ocrx_word' id='word_1_17' title='bbox 1512 535 1697 609; x_wconf 87' lang='lat' dir='ltr'>potes</span> <span class='ocrx_word' id='word_1_18' title='bbox 1730 531 2087 609; x_wconf 81' lang='lat' dir='ltr'>dubitare¹,</span> <span class='ocrx_word' id='word_1_19' title='bbox 2129 534 2290 611; x_wconf 85' lang='lat' dir='ltr'>quin</span> 
     </span>
     <span class='ocr_line' id='line_1_4' title="bbox 362 620 2289 706; baseline 0.001 -26"><span class='ocrx_word' id='word_1_20' title='bbox 362 620 441 680; x_wconf 90' lang='lat' dir='ltr'>ad</span> <span class='ocrx_word' id='word_1_21' title='bbox 468 620 883 680; x_wconf 89' lang='lat' dir='ltr'>consulatum</span> <span class='ocrx_word' id='word_1_22' title='bbox 914 621 1410 698; x_wconf 86' lang='lat' dir='ltr'>adipiscendum</span> <span class='ocrx_word' id='word_1_23' title='bbox 1437 622 1641 681; x_wconf 88' lang='lat' dir='ltr'>multo</span> <span class='ocrx_word' id='word_1_24' title='bbox 1665 621 1812 699; x_wconf 88' lang='lat' dir='ltr'>plus</span> <span class='ocrx_word' id='word_1_25' title='bbox 1840 622 2063 682; x_wconf 81' lang='lat' dir='ltr'>afferat</span> <span class='ocrx_word' id='word_1_26' title='bbox 2083 623 2289 706; x_wconf 81' lang='lat' dir='ltr'>digni-</span> 
     </span>
     <span class='ocr_line' id='line_1_5' title="bbox 360 710 2285 788; baseline 0.003 -20"><span class='ocrx_word' id='word_1_27' title='bbox 360 710 508 769; x_wconf 81' lang='lat' dir='ltr'><strong>tatis</strong></span> <span class='ocrx_word' id='word_1_28' title='bbox 536 710 628 769; x_wconf 89' lang='lat' dir='ltr'>rei</span> <span class='ocrx_word' id='word_1_29' title='bbox 659 710 962 770; x_wconf 86' lang='lat' dir='ltr'>militaris</span> <span class='ocrx_word' id='word_1_30' title='bbox 990 727 1187 787; x_wconf 85' lang='lat' dir='ltr'>quam</span> <span class='ocrx_word' id='word_1_31' title='bbox 1211 710 1381 786; x_wconf 81' lang='lat' dir='ltr'>juris</span> <span class='ocrx_word' id='word_1_32' title='bbox 1411 710 1621 771; x_wconf 83' lang='lat' dir='ltr'>civilis</span> <span class='ocrx_word' id='word_1_33' title='bbox 1655 711 1901 786; x_wconf 73' lang='lat' dir='ltr'>gloria?</span> <span class='ocrx_word' id='word_1_34' title='bbox 1933 712 2175 788; x_wconf 86' lang='lat' dir='ltr'>Vigilas</span> <span class='ocrx_word' id='word_1_35' title='bbox 2214 718 2285 774; x_wconf 88' lang='lat' dir='ltr'>tu</span> 
     </span>
     <span class='ocr_line' id='line_1_6' title="bbox 360 799 2285 878; baseline 0.002 -19"><span class='ocrx_word' id='word_1_36' title='bbox 360 800 437 860; x_wconf 89' lang='lat' dir='ltr'>de</span> <span class='ocrx_word' id='word_1_37' title='bbox 469 805 682 874; x_wconf 89' lang='lat' dir='ltr'>nocte,</span> <span class='ocrx_word' id='word_1_38' title='bbox 717 806 789 862; x_wconf 87' lang='lat' dir='ltr'>ut</span> <span class='ocrx_word' id='word_1_39' title='bbox 813 801 943 860; x_wconf 87' lang='lat' dir='ltr'>tuis</span> <span class='ocrx_word' id='word_1_40' title='bbox 957 801 1443 861; x_wconf 77' lang='lat' dir='ltr'>consultoribus</span> <span class='ocrx_word' id='word_1_41' title='bbox 1463 799 1856 878; x_wconf 81' lang='lat' dir='ltr'>respondeas</span> <span class='ocrx_word' id='word_1_42' title='bbox 1881 819 1894 874; x_wconf 88' lang='lat'>;</span> <span class='ocrx_word' id='word_1_43' title='bbox 1921 801 2050 875; x_wconf 90' lang='lat' dir='ltr'>ille,</span> <span class='ocrx_word' id='word_1_44' title='bbox 2084 806 2155 864; x_wconf 89' lang='lat' dir='ltr'>ut</span> <span class='ocrx_word' id='word_1_45' title='bbox 2179 820 2285 877; x_wconf 70' lang='lat' dir='ltr'>ee,</span> 
     </span>
     <span class='ocr_line' id='line_1_7' title="bbox 360 891 2284 970; baseline 0.001 -19"><span class='ocrx_word' id='word_1_46' title='bbox 360 908 488 967; x_wconf 87' lang='lat' dir='ltr'>quo</span> <span class='ocrx_word' id='word_1_47' title='bbox 520 891 818 964; x_wconf 86' lang='lat' dir='ltr'>intendit,</span> <span class='ocrx_word' id='word_1_48' title='bbox 849 896 1100 952; x_wconf 84' lang='lat' dir='ltr'>mature</span> <span class='ocrx_word' id='word_1_49' title='bbox 1128 909 1279 952; x_wconf 85' lang='lat' dir='ltr'>cum</span> <span class='ocrx_word' id='word_1_50' title='bbox 1313 891 1600 952; x_wconf 80' lang='lat' dir='ltr'>exercitu</span> <span class='ocrx_word' id='word_1_51' title='bbox 1636 893 1990 969; x_wconf 82' lang='lat' dir='ltr'>perveniat.</span> <span class='ocrx_word' id='word_1_52' title='bbox 2028 895 2111 956; x_wconf 83' lang='lat' dir='ltr'>Te</span> <span class='ocrx_word' id='word_1_53' title='bbox 2141 892 2284 970; x_wconf 78' lang='lat' dir='ltr'>gal·-</span> 
     </span>
     <span class='ocr_line' id='line_1_8' title="bbox 358 978 2280 1066; baseline 0.004 -29"><span class='ocrx_word' id='word_1_54' title='bbox 358 978 595 1054; x_wconf 85' lang='lat' dir='ltr'>lorum,</span> <span class='ocrx_word' id='word_1_55' title='bbox 632 979 815 1040; x_wconf 90' lang='lat' dir='ltr'>illum</span> <span class='ocrx_word' id='word_1_56' title='bbox 858 980 1321 1040; x_wconf 73' lang='lat' dir='ltr'>buccinarum2</span> <span class='ocrx_word' id='word_1_57' title='bbox 1364 984 1591 1040; x_wconf 87' lang='lat' dir='ltr'>cantus</span> <span class='ocrx_word' id='word_1_58' title='bbox 1639 981 2013 1042; x_wconf 84' lang='lat' dir='ltr'>exsuscitat.</span> <span class='ocrx_word' id='word_1_59' title='bbox 2050 982 2139 1066; x_wconf 69' lang='lat' dir='ltr'>Tu</span> <span class='ocrx_word' id='word_1_60' title='bbox 2176 998 2280 1044; x_wconf 78' lang='lat' dir='ltr'>ac-</span> 
     </span>
     <span class='ocr_line' id='line_1_9' title="bbox 356 1069 2279 1142; baseline 0.001 -15"><span class='ocrx_word' id='word_1_61' title='bbox 356 1069 602 1128; x_wconf 85' lang='lat' dir='ltr'>tionem</span> <span class='ocrx_word' id='word_1_62' title='bbox 645 1069 952 1142; x_wconf 81' lang='lat' dir='ltr'>instituiS,</span> <span class='ocrx_word' id='word_1_63' title='bbox 997 1069 1106 1129; x_wconf 91' lang='lat' dir='ltr'>ille</span> <span class='ocrx_word' id='word_1_64' title='bbox 1148 1070 1356 1129; x_wconf 83' lang='lat' dir='ltr'>aciem</span> <span class='ocrx_word' id='word_1_65' title='bbox 1398 1069 1683 1131; x_wconf 86' lang='lat' dir='ltr'>instruit.</span> <span class='ocrx_word' id='word_1_66' title='bbox 1714 1071 1805 1130; x_wconf 91' lang='lat' dir='ltr'>Tu</span> <span class='ocrx_word' id='word_1_67' title='bbox 1851 1087 2036 1132; x_wconf 86' lang='lat' dir='ltr'>caves</span> <span class='ocrx_word' id='word_1_68' title='bbox 2067 1087 2150 1131; x_wconf 90' lang='lat' dir='ltr'>ne</span> <span class='ocrx_word' id='word_1_69' title='bbox 2183 1070 2279 1132; x_wconf 89' lang='lat' dir='ltr'>tui</span> 
     </span>
     <span class='ocr_line' id='line_1_10' title="bbox 356 1157 2281 1236; baseline 0.001 -20"><span class='ocrx_word' id='word_1_70' title='bbox 356 1157 788 1232; x_wconf 80' lang='lat' dir='ltr'>consultores,</span> <span class='ocrx_word' id='word_1_71' title='bbox 834 1157 941 1217; x_wconf 90' lang='lat' dir='ltr'>ille</span> <span class='ocrx_word' id='word_1_72' title='bbox 986 1176 1068 1217; x_wconf 89' lang='lat' dir='ltr'>ne</span> <span class='ocrx_word' id='word_1_73' title='bbox 1112 1158 1306 1218; x_wconf 87' lang='lat' dir='ltr'>urbes</span> <span class='ocrx_word' id='word_1_74' title='bbox 1346 1163 1456 1218; x_wconf 88' lang='lat' dir='ltr'>aut</span> <span class='ocrx_word' id='word_1_75' title='bbox 1502 1163 1715 1219; x_wconf 83' lang='lat' dir='ltr'>castra</span> <span class='ocrx_word' id='word_1_76' title='bbox 1755 1160 2113 1236; x_wconf 82' lang='lat' dir='ltr'>capiantur.</span> <span class='ocrx_word' id='word_1_77' title='bbox 2164 1158 2281 1224; x_wconf 88' lang='lat' dir='ltr'>Ille</span> 
     </span>
     <span class='ocr_line' id='line_1_11' title="bbox 354 1246 2284 1325; baseline 0.002 -21"><span class='ocrx_word' id='word_1_78' title='bbox 354 1249 529 1306; x_wconf 90' lang='lat' dir='ltr'>tenet</span> <span class='ocrx_word' id='word_1_79' title='bbox 559 1250 620 1305; x_wconf 85' lang='lat' dir='ltr'>et</span> <span class='ocrx_word' id='word_1_80' title='bbox 650 1247 794 1319; x_wconf 88' lang='lat' dir='ltr'>scit,</span> <span class='ocrx_word' id='word_1_81' title='bbox 828 1249 900 1305; x_wconf 88' lang='lat' dir='ltr'>ut</span> <span class='ocrx_word' id='word_1_82' title='bbox 922 1246 1212 1306; x_wconf 85' lang='lat' dir='ltr'>hostium</span> <span class='ocrx_word' id='word_1_83' title='bbox 1241 1248 1467 1325; x_wconf 77' lang='lat' dir='ltr'>copiae,</span> <span class='ocrx_word' id='word_1_84' title='bbox 1499 1255 1591 1320; x_wconf 83' lang='lat' dir='ltr'>tu,</span> <span class='ocrx_word' id='word_1_85' title='bbox 1614 1252 1685 1308; x_wconf 95' lang='lat' dir='ltr'>ut</span> <span class='ocrx_word' id='word_1_86' title='bbox 1716 1265 1897 1325; x_wconf 81' lang='lat' dir='ltr'>aquae</span> <span class='ocrx_word' id='word_1_87' title='bbox 1927 1247 2162 1325; x_wconf 76' lang='lat' dir='ltr'>pluviae</span> <span class='ocrx_word' id='word_1_88' title='bbox 2191 1266 2284 1308; x_wconf 83' lang='lat' dir='ltr'>ar-</span> 
     </span>
     <span class='ocr_line' id='line_1_12' title="bbox 356 1335 2278 1415; baseline 0.003 -21"><span class='ocrx_word' id='word_1_89' title='bbox 356 1339 639 1395; x_wconf 84' lang='lat' dir='ltr'>ceantur.</span> <span class='ocrx_word' id='word_1_90' title='bbox 686 1335 796 1395; x_wconf 93' lang='lat' dir='ltr'>Ille</span> <span class='ocrx_word' id='word_1_91' title='bbox 841 1335 1227 1396; x_wconf 82' lang='lat' dir='ltr'>exercitatus</span> <span class='ocrx_word' id='word_1_92' title='bbox 1271 1338 1468 1396; x_wconf 88' lang='lat' dir='ltr'>estin</span> <span class='ocrx_word' id='word_1_93' title='bbox 1500 1337 1936 1415; x_wconf 83' lang='lat' dir='ltr'>propagandis</span> <span class='ocrx_word' id='word_1_94' title='bbox 1978 1337 2278 1408; x_wconf 75' lang='lat' dir='ltr'>finibus³.</span> 
     </span>
     <span class='ocr_line' id='line_1_13' title="bbox 357 1424 2281 1506; baseline 0.003 -24"><span class='ocrx_word' id='word_1_95' title='bbox 357 1430 424 1483; x_wconf 82' lang='lat' dir='ltr'>tu</span> <span class='ocrx_word' id='word_1_96' title='bbox 452 1424 517 1483; x_wconf 89' lang='lat' dir='ltr'>in</span> <span class='ocrx_word' id='word_1_97' title='bbox 548 1425 847 1503; x_wconf 84' lang='lat' dir='ltr'>regendis</span> <span class='ocrx_word' id='word_1_98' title='bbox 878 1443 891 1485; x_wconf 76' lang='grc' dir='ltr'>ε</span> <span class='ocrx_word' id='word_1_99' title='bbox 927 1443 1000 1486; x_wconf 85' lang='lat' dir='ltr'>ac</span> <span class='ocrx_word' id='word_1_100' title='bbox 1026 1427 1339 1486; x_wconf 88' lang='lat' dir='ltr'>nimirum</span> <span class='ocrx_word' id='word_1_101' title='bbox 1372 1427 1746 1506; x_wconf 89' lang='lat' dir='ltr'>(dicendum</span> <span class='ocrx_word' id='word_1_102' title='bbox 1778 1432 1877 1488; x_wconf 86' lang='lat' dir='ltr'>est</span> <span class='ocrx_word' id='word_1_103' title='bbox 1902 1428 2076 1487; x_wconf 88' lang='lat' dir='ltr'>enim</span> <span class='ocrx_word' id='word_1_104' title='bbox 2109 1427 2281 1504; x_wconf 90' lang='lat' dir='ltr'>quod</span> 
     </span>
     <span class='ocr_line' id='line_1_14' title="bbox 359 1514 2276 1594; baseline 0.002 -21"><span class='ocrx_word' id='word_1_105' title='bbox 359 1514 623 1594; x_wconf 56' lang='lat' dir='ltr'>sentim)</span> <span class='ocrx_word' id='word_1_106' title='bbox 666 1515 757 1576; x_wconf 90' lang='lat' dir='ltr'>rei</span> <span class='ocrx_word' id='word_1_107' title='bbox 790 1515 1090 1577; x_wconf 86' lang='lat' dir='ltr'>militaris</span> <span class='ocrx_word' id='word_1_108' title='bbox 1132 1517 1337 1576; x_wconf 89' lang='lat' dir='ltr'>virtus</span> <span class='ocrx_word' id='word_1_109' title='bbox 1371 1520 1634 1594; x_wconf 67' lang='lat' dir='ltr'>praestat</span> <span class='ocrx_word' id='word_1_110' title='bbox 1671 1517 1906 1578; x_wconf 86' lang='lat' dir='ltr'>ceteris</span> <span class='ocrx_word' id='word_1_111' title='bbox 1952 1515 2276 1578; x_wconf 79' lang='lat' dir='ltr'>omnibuS.</span> 
     </span>
    </p>
   </div>
   <div class='ocr_carea' id='block_1_3' title="bbox 351 1632 2277 2228">
    <p class='ocr_par' dir='ltr' id='par_1_3' title="bbox 351 1632 2277 2228">
     <span class='ocr_line' id='line_1_15' title="bbox 437 1632 2277 1710; baseline 0.001 -19"><span class='ocrx_word' id='word_1_112' title='bbox 437 1634 507 1691; x_wconf 87' lang='lat' dir='ltr'>X.</span> <span class='ocrx_word' id='word_1_113' title='bbox 541 1634 686 1691; x_wconf 71' lang='lat' dir='ltr'>Haec</span> <span class='ocrx_word' id='word_1_114' title='bbox 716 1649 958 1692; x_wconf 88' lang='lat' dir='ltr'>nomen</span> <span class='ocrx_word' id='word_1_115' title='bbox 979 1634 1222 1710; x_wconf 85' lang='lat' dir='ltr'>popu-lo</span> <span class='ocrx_word' id='word_1_116' title='bbox 1254 1634 1570 1707; x_wconf 70' lang='lat' dir='ltr'>Romam,</span> <span class='ocrx_word' id='word_1_117' title='bbox 1596 1634 1735 1693; x_wconf 81' lang='lat' dir='ltr'>haec</span> <span class='ocrx_word' id='word_1_118' title='bbox 1760 1633 1915 1693; x_wconf 88' lang='lat' dir='ltr'>huic</span> <span class='ocrx_word' id='word_1_119' title='bbox 1931 1632 2075 1693; x_wconf 88' lang='lat' dir='ltr'>urbi</span> <span class='ocrx_word' id='word_1_120' title='bbox 2098 1637 2277 1693; x_wconf 80' lang='lat' dir='ltr'>aeter-</span> 
     </span>
     <span class='ocr_line' id='line_1_16' title="bbox 353 1721 2273 1799; baseline 0.003 -21"><span class='ocrx_word' id='word_1_121' title='bbox 353 1735 507 1779; x_wconf 86' lang='lat' dir='ltr'>nam</span> <span class='ocrx_word' id='word_1_122' title='bbox 559 1721 835 1794; x_wconf 70' lang='lat' dir='ltr'>gloriam</span> <span class='ocrx_word' id='word_1_123' title='bbox 893 1722 1166 1799; x_wconf 82' lang='lat' dir='ltr'>peperit,·</span> <span class='ocrx_word' id='word_1_124' title='bbox 1208 1722 1347 1781; x_wconf 76' lang='lat' dir='ltr'>haec</span> <span class='ocrx_word' id='word_1_125' title='bbox 1404 1723 1631 1782; x_wconf 88' lang='lat' dir='ltr'>orbem</span> <span class='ocrx_word' id='word_1_126' title='bbox 1689 1726 2008 1783; x_wconf 80' lang='lat' dir='ltr'>terrarum</span> <span class='ocrx_word' id='word_1_127' title='bbox 2050 1737 2273 1799; x_wconf 83' lang='lat' dir='ltr'>parere</span> 
     </span>
     <span class='ocr_line' id='line_1_17' title="bbox 355 1810 2277 1890; baseline 0.003 -22"><span class='ocrx_word' id='word_1_128' title='bbox 355 1810 508 1869; x_wconf 86' lang='lat' dir='ltr'>huic</span> <span class='ocrx_word' id='word_1_129' title='bbox 535 1810 809 1887; x_wconf 89' lang='lat' dir='ltr'>imperio</span> <span class='ocrx_word' id='word_1_130' title='bbox 859 1812 1101 1890; x_wconf 88' lang='lat' dir='ltr'>coegit;</span> <span class='ocrx_word' id='word_1_131' title='bbox 1144 1828 1374 1872; x_wconf 88' lang='lat' dir='ltr'>omnes</span> <span class='ocrx_word' id='word_1_132' title='bbox 1411 1813 1673 1873; x_wconf 67' lang='lat' dir='ltr'>urbanae</span> <span class='ocrx_word' id='word_1_133' title='bbox 1714 1829 1841 1886; x_wconf 76' lang='lat' dir='ltr'>reS,</span> <span class='ocrx_word' id='word_1_134' title='bbox 1876 1813 2277 1885; x_wconf 81' lang='lat' dir='ltr'>omniahaec</span> 
     </span>
     <span class='ocr_line' id='line_1_18' title="bbox 355 1899 2274 1976; baseline 0.003 -19"><span class='ocrx_word' id='word_1_135' title='bbox 355 1902 576 1958; x_wconf 89' lang='lat' dir='ltr'>nostra</span> <span class='ocrx_word' id='word_1_136' title='bbox 600 1899 909 1976; x_wconf 78' lang='lat' dir='ltr'>praeclara</span> <span class='ocrx_word' id='word_1_137' title='bbox 948 1900 1182 1974; x_wconf 88' lang='lat' dir='ltr'>studia,</span> <span class='ocrx_word' id='word_1_138' title='bbox 1218 1904 1281 1960; x_wconf 91' lang='lat' dir='ltr'>et</span> <span class='ocrx_word' id='word_1_139' title='bbox 1310 1902 1449 1961; x_wconf 74' lang='lat' dir='ltr'>haec</span> <span class='ocrx_word' id='word_1_140' title='bbox 1483 1901 1760 1961; x_wconf 87' lang='lat' dir='ltr'>forensis</span> <span class='ocrx_word' id='word_1_141' title='bbox 1789 1903 1929 1961; x_wconf 81' lang='lat' dir='ltr'>laus</span> <span class='ocrx_word' id='word_1_142' title='bbox 1961 1905 2023 1961; x_wconf 89' lang='lat' dir='ltr'>et</span> <span class='ocrx_word' id='word_1_143' title='bbox 2048 1902 2274 1963; x_wconf 87' lang='lat' dir='ltr'>indus-</span> 
     </span>
     <span class='ocr_line' id='line_1_19' title="bbox 353 1988 2273 2070; baseline 0.001 -20"><span class='ocrx_word' id='word_1_144' title='bbox 353 1988 497 2064; x_wconf 86' lang='lat' dir='ltr'>tria,</span> <span class='ocrx_word' id='word_1_145' title='bbox 525 1988 726 2050; x_wconf 87' lang='lat' dir='ltr'>latent</span> <span class='ocrx_word' id='word_1_146' title='bbox 747 1990 810 2050; x_wconf 93' lang='lat' dir='ltr'>in</span> <span class='ocrx_word' id='word_1_147' title='bbox 834 1991 1034 2052; x_wconf 89' lang='lat' dir='ltr'>tutela</span> <span class='ocrx_word' id='word_1_148' title='bbox 1060 2008 1133 2051; x_wconf 87' lang='lat' dir='ltr'>ac</span> <span class='ocrx_word' id='word_1_149' title='bbox 1154 1990 1459 2070; x_wconf 78' lang='lat' dir='ltr'>praesidio</span> <span class='ocrx_word' id='word_1_150' title='bbox 1486 1990 1734 2052; x_wconf 79' lang='lat' dir='ltr'>bellicae</span> <span class='ocrx_word' id='word_1_151' title='bbox 1760 1991 2036 2053; x_wconf 75' lang='lat' dir='ltr'>virtutiS.</span> <span class='ocrx_word' id='word_1_152' title='bbox 2068 1990 2273 2052; x_wconf 87' lang='lat' dir='ltr'>Simul</span> 
     </span>
     <span class='ocr_line' id='line_1_20' title="bbox 351 2076 2275 2158; baseline 0.002 -22"><span class='ocrx_word' id='word_1_153' title='bbox 351 2082 544 2154; x_wconf 86' lang='lat' dir='ltr'>atque</span> <span class='ocrx_word' id='word_1_154' title='bbox 570 2078 888 2156; x_wconf 88' lang='lat' dir='ltr'>increpuit</span> <span class='ocrx_word' id='word_1_155' title='bbox 914 2076 1199 2158; x_wconf 85' lang='lat' dir='ltr'>suspicio</span> <span class='ocrx_word' id='word_1_156' title='bbox 1221 2077 1603 2151; x_wconf 78' lang='lat' dir='ltr'>tumultus⁸‚</span> <span class='ocrx_word' id='word_1_157' title='bbox 1633 2083 1802 2140; x_wconf 87' lang='lat' dir='ltr'>artes</span> <span class='ocrx_word' id='word_1_158' title='bbox 1828 2080 2005 2140; x_wconf 91' lang='lat' dir='ltr'>illico</span> <span class='ocrx_word' id='word_1_159' title='bbox 2038 2082 2275 2140; x_wconf 84' lang='lat' dir='ltr'>nostroe</span> 
     </span>
     <span class='ocr_line' id='line_1_21' title="bbox 354 2167 821 2228; baseline -0.006 0"><span class='ocrx_word' id='word_1_160' title='bbox 354 2167 821 2228; x_wconf 87' lang='lat' dir='ltr'>conticescunt.</span> 
     </span>
    </p>
   </div>
   <div class='ocr_carea' id='block_1_4' title="bbox 429 2264 2273 2345">
    <p class='ocr_par' dir='ltr' id='par_1_4' title="bbox 429 2264 2273 2345">
     <span class='ocr_line' id='line_1_22' title="bbox 429 2264 2273 2345; baseline 0.002 -22"><span class='ocrx_word' id='word_1_161' title='bbox 429 2264 526 2323; x_wconf 90' lang='grc'>23.</span> <span class='ocrx_word' id='word_1_162' title='bbox 562 2267 655 2341; x_wconf 88' lang='lat' dir='ltr'>Et,</span> <span class='ocrx_word' id='word_1_163' title='bbox 692 2267 1000 2344; x_wconf 89' lang='lat' dir='ltr'>quoniam</span> <span class='ocrx_word' id='word_1_164' title='bbox 1031 2266 1192 2326; x_wconf 88' lang='lat' dir='ltr'>mihi</span> <span class='ocrx_word' id='word_1_165' title='bbox 1222 2267 1463 2327; x_wconf 86' lang='lat' dir='ltr'>videris</span> <span class='ocrx_word' id='word_1_166' title='bbox 1491 2267 1683 2328; x_wconf 88' lang='lat' dir='ltr'>istam</span> <span class='ocrx_word' id='word_1_167' title='bbox 1715 2268 2055 2327; x_wconf 86' lang='lat' dir='ltr'>scientiam</span> <span class='ocrx_word' id='word_1_168' title='bbox 2077 2267 2273 2345; x_wconf 78' lang='lat' dir='ltr'>juris,</span> 
     </span>
    </p>
   </div>
   <div class='ocr_carea' id='block_1_5' title="bbox 350 2356 2275 2515">
    <p class='ocr_par' dir='ltr' id='par_1_5' title="bbox 350 2356 2275 2515">
     <span class='ocr_line' id='line_1_23' title="bbox 351 2356 2275 2435; baseline 0.002 -22"><span class='ocrx_word' id='word_1_169' title='bbox 351 2359 662 2432; x_wconf 87' lang='lat' dir='ltr'>tanquam</span> <span class='ocrx_word' id='word_1_170' title='bbox 716 2356 1026 2416; x_wconf 78' lang='lat' dir='ltr'>filiolam⁶</span> <span class='ocrx_word' id='word_1_171' title='bbox 1089 2358 1369 2417; x_wconf 87' lang='lat' dir='ltr'>osculari</span> <span class='ocrx_word' id='word_1_172' title='bbox 1410 2362 1614 2429; x_wconf 84' lang='lat' dir='ltr'>tuam,</span> <span class='ocrx_word' id='word_1_173' title='bbox 1662 2374 1795 2416; x_wconf 91' lang='lat' dir='ltr'>non</span> <span class='ocrx_word' id='word_1_174' title='bbox 1844 2358 2047 2435; x_wconf 85' lang='lat' dir='ltr'>patiar</span> <span class='ocrx_word' id='word_1_175' title='bbox 2092 2361 2153 2416; x_wconf 85' lang='lat' dir='ltr'>te</span> <span class='ocrx_word' id='word_1_176' title='bbox 2209 2357 2275 2417; x_wconf 89' lang='lat' dir='ltr'>in</span> 
     </span>
     <span class='ocr_line' id='line_1_24' title="bbox 350 2437 2272 2515; baseline 0.001 -21"><span class='ocrx_word' id='word_1_177' title='bbox 350 2439 525 2495; x_wconf 86' lang='lat' dir='ltr'>tanto</span> <span class='ocrx_word' id='word_1_178' title='bbox 553 2452 771 2496; x_wconf 86' lang='lat' dir='ltr'>errore</span> <span class='ocrx_word' id='word_1_179' title='bbox 803 2438 1069 2507; x_wconf 83' lang='lat' dir='ltr'>versari,</span> <span class='ocrx_word' id='word_1_180' title='bbox 1108 2442 1181 2496; x_wconf 87' lang='lat' dir='ltr'>ut</span> <span class='ocrx_word' id='word_1_181' title='bbox 1211 2437 1385 2497; x_wconf 88' lang='lat' dir='ltr'>istud</span> <span class='ocrx_word' id='word_1_182' title='bbox 1416 2438 1642 2498; x_wconf 88' lang='lat' dir='ltr'>nescio</span> <span class='ocrx_word' id='word_1_183' title='bbox 1680 2438 1857 2515; x_wconf 91' lang='lat' dir='ltr'>quid,</span> <span class='ocrx_word' id='word_1_184' title='bbox 1892 2437 2067 2515; x_wconf 91' lang='lat' dir='ltr'>quod</span> <span class='ocrx_word' id='word_1_185' title='bbox 2093 2441 2272 2497; x_wconf 81' lang='lat' dir='ltr'>tanto</span> 
     </span>
    </p>
   </div>
   <div class='ocr_carea' id='block_1_6' title="bbox 350 2526 2272 2695">
    <p class='ocr_par' dir='ltr' id='par_1_6' title="bbox 350 2526 2272 2695">
     <span class='ocr_line' id='line_1_25' title="bbox 350 2526 2270 2604; baseline 0.002 -21"><span class='ocrx_word' id='word_1_186' title='bbox 350 2541 544 2601; x_wconf 91' lang='lat' dir='ltr'>opere</span> <span class='ocrx_word' id='word_1_187' title='bbox 596 2526 900 2600; x_wconf 82' lang='lat' dir='ltr'>dilexisti,</span> <span class='ocrx_word' id='word_1_188' title='bbox 976 2526 1362 2604; x_wconf 73' lang='lat' dir='ltr'>praeclarum</span> <span class='ocrx_word' id='word_1_189' title='bbox 1431 2527 1677 2604; x_wconf 87' lang='lat' dir='ltr'>aliquid</span> <span class='ocrx_word' id='word_1_190' title='bbox 1734 2544 1878 2588; x_wconf 86' lang='lat' dir='ltr'>esse</span> <span class='ocrx_word' id='word_1_191' title='bbox 1939 2527 2270 2588; x_wconf 83' lang='lat' dir='ltr'>arbitrere.</span> 
     </span>
     <span class='ocr_line' id='line_1_26' title="bbox 350 2614 2272 2695; baseline 0.004 -24"><span class='ocrx_word' id='word_1_192' title='bbox 350 2614 509 2674; x_wconf 73' lang='lat' dir='ltr'>Aliis</span> <span class='ocrx_word' id='word_1_193' title='bbox 554 2633 674 2695; x_wconf 80' lang='lat' dir='ltr'>ego</span> <span class='ocrx_word' id='word_1_194' title='bbox 704 2620 763 2677; x_wconf 89' lang='lat' dir='ltr'>te</span> <span class='ocrx_word' id='word_1_195' title='bbox 794 2616 1164 2691; x_wconf 77' lang='lat' dir='ltr'>virtutibuS,</span> <span class='ocrx_word' id='word_1_196' title='bbox 1203 2617 1642 2689; x_wconf 75' lang='lat' dir='ltr'>continentiae,</span> <span class='ocrx_word' id='word_1_197' title='bbox 1686 2618 2042 2693; x_wconf 71' lang='lat' dir='ltr'>gravitati8‚</span> <span class='ocrx_word' id='word_1_198' title='bbox 2076 2617 2272 2693; x_wconf 87' lang='lat' dir='ltr'>justi-</span> 
     </span>
    </p>
   </div>
   <div class='ocr_carea' id='block_1_7' title="bbox 351 2773 2273 3210">
    <p class='ocr_par' dir='ltr' id='par_1_7' title="bbox 351 2773 2273 3099">
     <span class='ocr_line' id='line_1_27' title="bbox 403 2773 2272 2827; baseline 0.004 -12"><span class='ocrx_word' id='word_1_199' title='bbox 403 2773 445 2819; x_wconf 79' lang='grc'>1.</span> <span class='ocrx_word' id='word_1_200' title='bbox 477 2776 615 2816; x_wconf 70' lang='lat' dir='ltr'>Potes</span> <span class='ocrx_word' id='word_1_201' title='bbox 655 2774 877 2818; x_wconf 78' lang='lat' dir='ltr'>dubitare.</span> <span class='ocrx_word' id='word_1_202' title='bbox 899 2777 989 2819; x_wconf 84' lang='lat' dir='ltr'>Les</span> <span class='ocrx_word' id='word_1_203' title='bbox 1029 2787 1146 2819; x_wconf 78' lang='lat' dir='ltr'>mss·</span> <span class='ocrx_word' id='word_1_204' title='bbox 1177 2780 1287 2820; x_wconf 66' lang='lat' dir='ltr'>ontr</span> <span class='ocrx_word' id='word_1_205' title='bbox 1426 2776 1472 2821; x_wconf 79' lang='lat'>4.</span> <span class='ocrx_word' id='word_1_206' title='bbox 1501 2777 1626 2827; x_wconf 78' lang='lat' dir='ltr'>Quod</span> <span class='ocrx_word' id='word_1_207' title='bbox 1663 2779 1824 2822; x_wconf 70' lang='lat' dir='ltr'>sentin.</span> <span class='ocrx_word' id='word_1_208' title='bbox 1873 2776 2074 2822; x_wconf 70' lang='lat' dir='ltr'>Ciceron</span> <span class='ocrx_word' id='word_1_209' title='bbox 2122 2789 2153 2821; x_wconf 78' lang='lat' dir='ltr'>a</span> <span class='ocrx_word' id='word_1_210' title='bbox 2188 2778 2272 2822; x_wconf 85' lang='lat' dir='ltr'>des</span> 
     </span>
     <span class='ocr_line' id='line_1_28' title="bbox 351 2827 2271 2881; baseline 0.004 -12"><span class='ocrx_word' id='word_1_211' title='bbox 351 2832 496 2881; x_wconf 69' lang='lat' dir='ltr'>potent</span> <span class='ocrx_word' id='word_1_212' title='bbox 523 2827 741 2876; x_wconf 75' lang='lat' dir='ltr'>dubitare,</span> <span class='ocrx_word' id='word_1_213' title='bbox 779 2828 886 2871; x_wconf 75' lang='lat' dir='ltr'>cl&#39;ou</span> <span class='ocrx_word' id='word_1_214' title='bbox 917 2830 965 2872; x_wconf 86' lang='lat' dir='ltr'>la</span> <span class='ocrx_word' id='word_1_215' title='bbox 993 2830 1258 2872; x_wconf 88' lang='lat' dir='ltr'>correction</span> <span class='ocrx_word' id='word_1_216' title='bbox 1372 2831 1653 2874; x_wconf 82' lang='lat' dir='ltr'>sentiments</span> <span class='ocrx_word' id='word_1_217' title='bbox 1696 2833 1797 2875; x_wconf 83' lang='lat' dir='ltr'>tout</span> <span class='ocrx_word' id='word_1_218' title='bbox 1835 2832 1996 2875; x_wconf 85' lang='lat' dir='ltr'>autres</span> <span class='ocrx_word' id='word_1_219' title='bbox 2030 2828 2151 2875; x_wconf 83' lang='lat' dir='ltr'>dans</span> <span class='ocrx_word' id='word_1_220' title='bbox 2203 2832 2271 2876; x_wconf 83' lang='lat' dir='ltr'>les</span> 
     </span>
     <span class='ocr_line' id='line_1_29' title="bbox 355 2881 2273 2939; baseline 0.003 -16"><span class='ocrx_word' id='word_1_221' title='bbox 355 2881 575 2936; x_wconf 77' lang='lat' dir='ltr'>vulgaire</span> <span class='ocrx_word' id='word_1_222' title='bbox 589 2885 740 2933; x_wconf 67' lang='lat' dir='ltr'>potest</span> <span class='ocrx_word' id='word_1_223' title='bbox 752 2881 961 2923; x_wconf 76' lang='lat' dir='ltr'>dubitari.</span> <span class='ocrx_word' id='word_1_224' title='bbox 987 2884 1056 2926; x_wconf 82' lang='lat' dir='ltr'>La</span> <span class='ocrx_word' id='word_1_225' title='bbox 1074 2893 1258 2927; x_wconf 77' lang='lat' dir='ltr'>corr-ec·</span> <span class='ocrx_word' id='word_1_226' title='bbox 1370 2885 1637 2928; x_wconf 82' lang='lat' dir='ltr'>nombreux</span> <span class='ocrx_word' id='word_1_227' title='bbox 1668 2895 1781 2939; x_wconf 81' lang='lat' dir='ltr'>pass</span> <span class='ocrx_word' id='word_1_228' title='bbox 1846 2896 1898 2929; x_wconf 82' lang='lat' dir='ltr'>es</span> <span class='ocrx_word' id='word_1_229' title='bbox 1944 2885 2002 2928; x_wconf 88' lang='lat' dir='ltr'>de</span> <span class='ocrx_word' id='word_1_230' title='bbox 2027 2895 2103 2931; x_wconf 75' lang='lat' dir='ltr'>ses</span> <span class='ocrx_word' id='word_1_231' title='bbox 2128 2882 2273 2930; x_wconf 71' lang='lat' dir='ltr'>ecrite</span> 
     </span>
     <span class='ocr_line' id='line_1_30' title="bbox 355 2934 2270 2998; baseline 0.002 -21"><span class='ocrx_word' id='word_1_232' title='bbox 355 2937 452 2978; x_wconf 86' lang='lat' dir='ltr'>tion</span> <span class='ocrx_word' id='word_1_233' title='bbox 481 2940 611 2998; x_wconf 61' lang='lat' dir='ltr'>potvs</span> <span class='ocrx_word' id='word_1_234' title='bbox 632 2934 851 2984; x_wconf 77' lang='lat' dir='ltr'>dubitare,</span> <span class='ocrx_word' id='word_1_235' title='bbox 876 2938 956 2989; x_wconf 86' lang='lat' dir='ltr'>qui</span> <span class='ocrx_word' id='word_1_236' title='bbox 986 2948 1036 2979; x_wconf 83' lang='lat' dir='ltr'>se</span> <span class='ocrx_word' id='word_1_237' title='bbox 1068 2947 1259 2991; x_wconf 86' lang='lat' dir='ltr'>rappro-</span> <span class='ocrx_word' id='word_1_238' title='bbox 1369 2937 1570 2991; x_wconf 75' lang='lat' dir='ltr'>(Brutus,</span> <span class='ocrx_word' id='word_1_239' title='bbox 1602 2950 1769 2988; x_wconf 78' lang='lat' dir='ltr'>Lxxm,</span> <span class='ocrx_word' id='word_1_240' title='bbox 1843 2952 1865 2981; x_wconf 84' lang='lat' dir='ltr'>e</span> <span class='ocrx_word' id='word_1_241' title='bbox 1889 2938 2077 2994; x_wconf 72' lang='lat' dir='ltr'>Officiis,</span> <span class='ocrx_word' id='word_1_242' title='bbox 2092 2940 2129 2988; x_wconf 86' lang='lat'>1,</span> <span class='ocrx_word' id='word_1_243' title='bbox 2154 2951 2270 2987; x_wconf 82' lang='lat' dir='ltr'>xxn,</span> 
     </span>
     <span class='ocr_line' id='line_1_31' title="bbox 352 2988 2272 3047; baseline 0.002 -16"><span class='ocrx_word' id='word_1_244' title='bbox 352 2990 440 3031; x_wconf 85' lang='lat' dir='ltr'>che</span> <span class='ocrx_word' id='word_1_245' title='bbox 470 2988 738 3042; x_wconf 81' lang='lat' dir='ltr'>egalement</span> <span class='ocrx_word' id='word_1_246' title='bbox 782 2988 838 3032; x_wconf 91' lang='lat' dir='ltr'>de</span> <span class='ocrx_word' id='word_1_247' title='bbox 877 2990 924 3032; x_wconf 85' lang='lat' dir='ltr'>la</span> <span class='ocrx_word' id='word_1_248' title='bbox 959 2990 1109 3041; x_wconf 80' lang='lat' dir='ltr'>lecon,</span> <span class='ocrx_word' id='word_1_249' title='bbox 1138 2990 1256 3034; x_wconf 80' lang='lat' dir='ltr'>offre</span> <span class='ocrx_word' id='word_1_250' title='bbox 1340 2990 1476 3044; x_wconf 65' lang='lat' dir='ltr'>etc.)</span> <span class='ocrx_word' id='word_1_251' title='bbox 1501 2990 1563 3034; x_wconf 82' lang='lat' dir='ltr'>ou</span> <span class='ocrx_word' id='word_1_252' title='bbox 1591 2991 1624 3047; x_wconf 87' lang='lat' dir='ltr'>ll</span> <span class='ocrx_word' id='word_1_253' title='bbox 1655 2989 1913 3045; x_wconf 71' lang='lat' dir='ltr'>developpe</span> <span class='ocrx_word' id='word_1_254' title='bbox 1947 3003 2033 3035; x_wconf 85' lang='lat' dir='ltr'>son</span> <span class='ocrx_word' id='word_1_255' title='bbox 2073 3002 2182 3036; x_wconf 78' lang='lat' dir='ltr'>vers</span> <span class='ocrx_word' id='word_1_256' title='bbox 2202 2993 2272 3035; x_wconf 79' lang='lat' dir='ltr'>ra-</span> 
     </span>
     <span class='ocr_line' id='line_1_32' title="bbox 353 3041 2271 3099; baseline 0.002 -15"><span class='ocrx_word' id='word_1_257' title='bbox 353 3054 416 3084; x_wconf 86' lang='lat' dir='ltr'>un</span> <span class='ocrx_word' id='word_1_258' title='bbox 450 3053 562 3085; x_wconf 76' lang='lat' dir='ltr'>sens</span> <span class='ocrx_word' id='word_1_259' title='bbox 589 3041 696 3095; x_wconf 87' lang='lat' dir='ltr'>plus</span> <span class='ocrx_word' id='word_1_260' title='bbox 720 3043 1037 3086; x_wconf 81' lang='lat' dir='ltr'>satisfaisant.</span> <span class='ocrx_word' id='word_1_261' title='bbox 1367 3056 1545 3087; x_wconf 84' lang='lat' dir='ltr'>meux:</span> <span class='ocrx_word' id='word_1_262' title='bbox 1581 3044 1757 3087; x_wconf 81' lang='lat' dir='ltr'>Cedant</span> <span class='ocrx_word' id='word_1_263' title='bbox 1786 3058 1913 3086; x_wconf 81' lang='lat' dir='ltr'>arma</span> <span class='ocrx_word' id='word_1_264' title='bbox 1945 3050 2078 3099; x_wconf 70' lang='lat' dir='ltr'>toqoe,</span> <span class='ocrx_word' id='word_1_265' title='bbox 2122 3058 2271 3088; x_wconf 80' lang='lat' dir='ltr'>couce-</span> 
     </span>
    </p>

    <p class='ocr_par' dir='ltr' id='par_1_8' title="bbox 353 3094 2271 3210">
     <span class='ocr_line' id='line_1_33' title="bbox 401 3094 1802 3140; baseline 0.001 -2"><span class='ocrx_word' id='word_1_266' title='bbox 401 3094 443 3138; x_wconf 78' lang='lat'>2.</span> <span class='ocrx_word' id='word_1_267' title='bbox 489 3095 802 3140; x_wconf 74' lang='lat' dir='ltr'>Buccinnrnm.</span> <span class='ocrx_word' id='word_1_268' title='bbox 873 3097 1259 3140; x_wconf 77' lang='lat' dir='ltr'>Primitivement</span> <span class='ocrx_word' id='word_1_269' title='bbox 1368 3096 1450 3138; x_wconf 78' lang='lat' dir='ltr'>dat</span> <span class='ocrx_word' id='word_1_270' title='bbox 1476 3098 1631 3140; x_wconf 79' lang='lat' dir='ltr'>laurea</span> <span class='ocrx_word' id='word_1_271' title='bbox 1662 3098 1802 3140; x_wconf 76' lang='lat' dir='ltr'>laudi.</span> 
     </span>
     <span class='ocr_line' id='line_1_34' title="bbox 353 3148 2271 3210; baseline 0.002 -19"><span class='ocrx_word' id='word_1_272' title='bbox 353 3150 600 3210; x_wconf 77' lang='lat' dir='ltr'>trompetto</span> <span class='ocrx_word' id='word_1_273' title='bbox 640 3148 697 3191; x_wconf 85' lang='lat' dir='ltr'>dc</span> <span class='ocrx_word' id='word_1_274' title='bbox 752 3150 968 3201; x_wconf 80' lang='lat' dir='ltr'>bouvier,</span> <span class='ocrx_word' id='word_1_275' title='bbox 1019 3154 1183 3194; x_wconf 85' lang='lat' dir='ltr'>cornot</span> <span class='ocrx_word' id='word_1_276' title='bbox 1229 3150 1258 3193; x_wconf 72' lang='lat' dir='ltr'>a</span> <span class='ocrx_word' id='word_1_277' title='bbox 1416 3150 1456 3193; x_wconf 89' lang='lat'>5.</span> <span class='ocrx_word' id='word_1_278' title='bbox 1490 3150 1716 3193; x_wconf 70' lang='lat' dir='ltr'>Tumultus</span> <span class='ocrx_word' id='word_1_279' title='bbox 1736 3151 1922 3206; x_wconf 79' lang='lat' dir='ltr'>(voirla</span> <span class='ocrx_word' id='word_1_280' title='bbox 1949 3153 2058 3196; x_wconf 82' lang='lat' dir='ltr'>note</span> <span class='ocrx_word' id='word_1_281' title='bbox 2096 3154 2123 3195; x_wconf 81' lang='lat'><strong>3</strong></span> <span class='ocrx_word' id='word_1_282' title='bbox 2147 3150 2271 3196; x_wconf 85' lang='lat' dir='ltr'>dela</span> 
     </span>
    </p>
   </div>
   <div class='ocr_carea' id='block_1_8' title="bbox 345 3200 2271 3637">
    <p class='ocr_par' dir='ltr' id='par_1_9' title="bbox 345 3200 2271 3637">
     <span class='ocr_line' id='line_1_35' title="bbox 351 3200 2271 3258; baseline 0.002 -15"><span class='ocrx_word' id='word_1_283' title='bbox 351 3203 458 3244; x_wconf 80' lang='lat' dir='ltr'>hou(</span> <span class='ocrx_word' id='word_1_284' title='bbox 484 3213 582 3250; x_wconf 69' lang='lat' dir='ltr'>unu,</span> <span class='ocrx_word' id='word_1_285' title='bbox 607 3203 765 3244; x_wconf 70' lang='lat' dir='ltr'>bucina.</span> <span class='ocrx_word' id='word_1_286' title='bbox 787 3215 847 3246; x_wconf 87' lang='lat' dir='ltr'>ou</span> <span class='ocrx_word' id='word_1_287' title='bbox 873 3202 1056 3244; x_wconf 77' lang='lat' dir='ltr'>buccina</span> <span class='ocrx_word' id='word_1_288' title='bbox 1101 3203 1204 3257; x_wconf 78' lang='lat' dir='ltr'>bos)</span> <span class='ocrx_word' id='word_1_289' title='bbox 1228 3216 1257 3248; x_wconf 80' lang='lat' dir='ltr'><strong>a</strong></span> <span class='ocrx_word' id='word_1_290' title='bbox 1364 3215 1412 3257; x_wconf 81' lang='lat'>1).</span> <span class='ocrx_word' id='word_1_291' title='bbox 1439 3202 1550 3257; x_wconf 80' lang='lat'>232).</span> <span class='ocrx_word' id='word_1_292' title='bbox 1575 3206 1647 3248; x_wconf 85' lang='lat' dir='ltr'>Au</span> <span class='ocrx_word' id='word_1_293' title='bbox 1673 3200 1878 3258; x_wconf 74' lang='lat' dir='ltr'>premier</span> <span class='ocrx_word' id='word_1_294' title='bbox 1892 3204 2090 3249; x_wconf 85' lang='lat' dir='ltr'>bruitde</span> <span class='ocrx_word' id='word_1_295' title='bbox 2115 3204 2271 3247; x_wconf 77' lang='lat' dir='ltr'>tumul-</span> 
     </span>
     <span class='ocr_line' id='line_1_36' title="bbox 354 3214 2269 3309; baseline 0.003 -13"><span class='ocrx_word' id='word_1_296' title='bbox 354 3214 511 3308; x_wconf 75' lang='lat' dir='ltr'>pris¹10</span> <span class='ocrx_word' id='word_1_297' title='bbox 525 3266 635 3297; x_wconf 72' lang='lat' dir='ltr'>sous</span> <span class='ocrx_word' id='word_1_298' title='bbox 658 3255 714 3298; x_wconf 89' lang='lat' dir='ltr'>de</span> <span class='ocrx_word' id='word_1_299' title='bbox 743 3258 989 3309; x_wconf 82' lang='lat' dir='ltr'>trompette</span> <span class='ocrx_word' id='word_1_300' title='bbox 1011 3254 1074 3298; x_wconf 88' lang='lat' dir='ltr'>mi</span> <span class='ocrx_word' id='word_1_301' title='bbox 1100 3257 1253 3301; x_wconf 82' lang='lat' dir='ltr'>itaire.</span> <span class='ocrx_word' id='word_1_302' title='bbox 1365 3261 1455 3306; x_wconf 71' lang='lat' dir='ltr'>tus,</span> <span class='ocrx_word' id='word_1_303' title='bbox 1487 3268 1547 3299; x_wconf 92' lang='lat' dir='ltr'>on</span> <span class='ocrx_word' id='word_1_304' title='bbox 1569 3254 1754 3301; x_wconf 66' lang='lat' dir='ltr'>declaro</span> <span class='ocrx_word' id='word_1_305' title='bbox 1786 3257 1833 3302; x_wconf 85' lang='lat' dir='ltr'>la</span> <span class='ocrx_word' id='word_1_306' title='bbox 1854 3268 2064 3304; x_wconf 83' lang='lat' dir='ltr'>vacance</span> <span class='ocrx_word' id='word_1_307' title='bbox 2081 3256 2162 3303; x_wconf 84' lang='lat' dir='ltr'>des</span> <span class='ocrx_word' id='word_1_308' title='bbox 2182 3260 2269 3303; x_wconf 79' lang='lat' dir='ltr'>tri-</span> 
     </span>
     <span class='ocr_line' id='line_1_37' title="bbox 347 3308 2173 3374; baseline 0.003 -24"><span class='ocrx_word' id='word_1_309' title='bbox 347 3309 418 3350; x_wconf 75' lang='lat' dir='ltr'>cf.</span> <span class='ocrx_word' id='word_1_310' title='bbox 459 3310 660 3355; x_wconf 80' lang='lat' dir='ltr'>Horace,</span> <span class='ocrx_word' id='word_1_311' title='bbox 693 3310 810 3358; x_wconf 70' lang='lat' dir='ltr'>Sat„</span> <span class='ocrx_word' id='word_1_312' title='bbox 837 3308 871 3358; x_wconf 91' lang='lat'>1,</span> <span class='ocrx_word' id='word_1_313' title='bbox 900 3321 930 3357; x_wconf 86' lang='lat'>1.</span> <span class='ocrx_word' id='word_1_314' title='bbox 959 3321 1007 3353; x_wconf 88' lang='lat' dir='ltr'>v.</span> <span class='ocrx_word' id='word_1_315' title='bbox 1051 3309 1104 3354; x_wconf 83' lang='lat'>10</span> <span class='ocrx_word' id='word_1_316' title='bbox 1132 3324 1139 3349; x_wconf 95' lang='lat'><strong>:</strong></span> <span class='ocrx_word' id='word_1_317' title='bbox 1165 3312 1254 3352; x_wconf 79' lang='lat' dir='ltr'>Sub</span> <span class='ocrx_word' id='word_1_318' title='bbox 1364 3311 1577 3360; x_wconf 80' lang='lat' dir='ltr'>bunaux‚</span> <span class='ocrx_word' id='word_1_319' title='bbox 1604 3313 1646 3355; x_wconf 91' lang='lat' dir='ltr'>le</span> <span class='ocrx_word' id='word_1_320' title='bbox 1663 3310 1893 3366; x_wconf 72' lang='lat' dir='ltr'>justitium</span> <span class='ocrx_word' id='word_1_321' title='bbox 1912 3313 2021 3374; x_wconf 72' lang='lat' dir='ltr'>(jus,</span> <span class='ocrx_word' id='word_1_322' title='bbox 2042 3308 2173 3368; x_wconf 72' lang='lat' dir='ltr'>stat).</span> 
     </span>
     <span class='ocr_line' id='line_1_38' title="bbox 350 3361 2267 3419; baseline 0.005 -18"><span class='ocrx_word' id='word_1_323' title='bbox 350 3361 467 3413; x_wconf 69' lang='lat' dir='ltr'>{lulli</span> <span class='ocrx_word' id='word_1_324' title='bbox 510 3367 706 3414; x_wconf 75' lang='lat' dir='ltr'>cantum,</span> <span class='ocrx_word' id='word_1_325' title='bbox 751 3363 978 3405; x_wconf 68' lang='lat' dir='ltr'>consultor</span> <span class='ocrx_word' id='word_1_326' title='bbox 1025 3362 1098 3404; x_wconf 76' lang='lat' dir='ltr'>ubi</span> <span class='ocrx_word' id='word_1_327' title='bbox 1135 3365 1254 3405; x_wconf 80' lang='lat' dir='ltr'>ostia</span> <span class='ocrx_word' id='word_1_328' title='bbox 1417 3364 1463 3407; x_wconf 85' lang='lat'>6.</span> <span class='ocrx_word' id='word_1_329' title='bbox 1494 3361 1721 3408; x_wconf 81' lang='lat' dir='ltr'>Filiolam.</span> <span class='ocrx_word' id='word_1_330' title='bbox 1750 3365 1995 3419; x_wconf 75' lang='lat' dir='ltr'>Sulpicius</span> <span class='ocrx_word' id='word_1_331' title='bbox 2043 3362 2194 3410; x_wconf 66' lang='lat' dir='ltr'>cherlt</span> <span class='ocrx_word' id='word_1_332' title='bbox 2221 3364 2267 3409; x_wconf 82' lang='lat' dir='ltr'>la</span> 
     </span>
     <span class='ocr_line' id='line_1_39' title="bbox 347 3415 2265 3479; baseline 0.005 -26"><span class='ocrx_word' id='word_1_333' title='bbox 347 3415 519 3467; x_wconf 73' lang='lat' dir='ltr'>puisat.</span> <span class='ocrx_word' id='word_1_334' title='bbox 749 3466 757 3474; x_wconf 27' lang='grc' dir='ltr'>θ</span> <span class='ocrx_word' id='word_1_335' title='bbox 1362 3417 1743 3479; x_wconf 84' lang='lat' dir='ltr'>jurisprudence,</span> <span class='ocrx_word' id='word_1_336' title='bbox 1759 3429 1941 3463; x_wconf 87' lang='lat' dir='ltr'>comme</span> <span class='ocrx_word' id='word_1_337' title='bbox 1955 3420 2150 3464; x_wconf 80' lang='lat' dir='ltr'>Ciceron</span> <span class='ocrx_word' id='word_1_338' title='bbox 2162 3415 2265 3463; x_wconf 73' lang='lat' dir='ltr'>che-</span> 
     </span>
     <span class='ocr_line' id='line_1_40' title="bbox 401 3468 2267 3522; baseline 0.001 -13"><span class='ocrx_word' id='word_1_339' title='bbox 401 3468 441 3509; x_wconf 84' lang='lat'>3.</span> <span class='ocrx_word' id='word_1_340' title='bbox 459 3468 645 3521; x_wconf 62' lang='lat' dir='ltr'>Aquw...</span> <span class='ocrx_word' id='word_1_341' title='bbox 675 3468 857 3522; x_wconf 65' lang='lat' dir='ltr'>finibus.</span> <span class='ocrx_word' id='word_1_342' title='bbox 887 3470 1001 3512; x_wconf 82' lang='lat' dir='ltr'>Voir</span> <span class='ocrx_word' id='word_1_343' title='bbox 1028 3471 1097 3512; x_wconf 82' lang='lat' dir='ltr'>les</span> <span class='ocrx_word' id='word_1_344' title='bbox 1119 3472 1253 3513; x_wconf 84' lang='lat' dir='ltr'>notes</span> <span class='ocrx_word' id='word_1_345' title='bbox 1366 3473 1530 3514; x_wconf 81' lang='lat' dir='ltr'>rissait</span> <span class='ocrx_word' id='word_1_346' title='bbox 1561 3482 1616 3514; x_wconf 84' lang='lat' dir='ltr'>sa</span> <span class='ocrx_word' id='word_1_347' title='bbox 1645 3471 1737 3515; x_wconf 82' lang='lat' dir='ltr'>fille</span> <span class='ocrx_word' id='word_1_348' title='bbox 1759 3472 1934 3519; x_wconf 82' lang='lat' dir='ltr'>Tullia.</span> <span class='ocrx_word' id='word_1_349' title='bbox 1960 3472 2154 3514; x_wconf 76' lang='lat' dir='ltr'>Tulliola</span> <span class='ocrx_word' id='word_1_350' title='bbox 2173 3486 2267 3513; x_wconf 76' lang='lat' dir='ltr'>meu</span> 
     </span>
     <span class='ocr_line' id='line_1_41' title="bbox 345 3517 2271 3579; baseline 0.003 -18"><span class='ocrx_word' id='word_1_351' title='bbox 345 3517 384 3567; x_wconf 85' lang='lat'>1,</span> <span class='ocrx_word' id='word_1_352' title='bbox 407 3520 446 3567; x_wconf 76' lang='lat'>2,</span> <span class='ocrx_word' id='word_1_353' title='bbox 469 3524 493 3559; x_wconf 76' lang='lat'>5</span> <span class='ocrx_word' id='word_1_354' title='bbox 515 3522 570 3563; x_wconf 89' lang='lat' dir='ltr'>de</span> <span class='ocrx_word' id='word_1_355' title='bbox 598 3523 642 3563; x_wconf 85' lang='lat' dir='ltr'>la</span> <span class='ocrx_word' id='word_1_356' title='bbox 664 3533 712 3576; x_wconf 86' lang='lat' dir='ltr'>p.</span> <span class='ocrx_word' id='word_1_357' title='bbox 742 3520 838 3566; x_wconf 77' lang='lat'>240.</span> <span class='ocrx_word' id='word_1_358' title='bbox 864 3546 910 3554; x_wconf 89' lang='lat'><strong>—</strong></span> <span class='ocrx_word' id='word_1_359' title='bbox 943 3525 1006 3567; x_wconf 79' lang='lat' dir='ltr'>Le</span> <span class='ocrx_word' id='word_1_360' title='bbox 1038 3526 1135 3567; x_wconf 88' lang='lat' dir='ltr'>mot</span> <span class='ocrx_word' id='word_1_361' title='bbox 1157 3524 1256 3579; x_wconf 81' lang='lat' dir='ltr'>fini·</span> <span class='ocrx_word' id='word_1_362' title='bbox 1367 3524 1539 3578; x_wconf 73' lang='lat' dir='ltr'>(Epist.</span> <span class='ocrx_word' id='word_1_363' title='bbox 1600 3525 1781 3574; x_wconf 70' lang='lat' dir='ltr'>Famil„</span> <span class='ocrx_word' id='word_1_364' title='bbox 1836 3526 1964 3574; x_wconf 82' lang='lat' dir='ltr'>XIV,</span> <span class='ocrx_word' id='word_1_365' title='bbox 2010 3538 2074 3576; x_wconf 79' lang='lat' dir='ltr'>iv,</span> <span class='ocrx_word' id='word_1_366' title='bbox 2121 3525 2171 3577; x_wconf 83' lang='lat'>3;</span> <span class='ocrx_word' id='word_1_367' title='bbox 2227 3526 2271 3569; x_wconf 78' lang='lat' dir='ltr'>et</span> 
     </span>
     <span class='ocr_line' id='line_1_42' title="bbox 348 3572 2155 3637; baseline 0.007 -26"><span class='ocrx_word' id='word_1_368' title='bbox 348 3572 506 3615; x_wconf 71' lang='lat' dir='ltr'>basest</span> <span class='ocrx_word' id='word_1_369' title='bbox 531 3575 628 3628; x_wconf 82' lang='lat' dir='ltr'>pris</span> <span class='ocrx_word' id='word_1_370' title='bbox 641 3586 699 3618; x_wconf 88' lang='lat' dir='ltr'>en</span> <span class='ocrx_word' id='word_1_371' title='bbox 712 3576 836 3619; x_wconf 79' lang='lat' dir='ltr'>deux</span> <span class='ocrx_word' id='word_1_372' title='bbox 866 3589 975 3621; x_wconf 74' lang='lat' dir='ltr'>sens</span> <span class='ocrx_word' id='word_1_373' title='bbox 995 3577 1254 3624; x_wconf 63' lang='lat' dir='ltr'>dinei-ems,</span> <span class='ocrx_word' id='word_1_374' title='bbox 1369 3579 1603 3633; x_wconf 83' lang='lat' dir='ltr'>souvent).</span> <span class='ocrx_word' id='word_1_375' title='bbox 1646 3580 1761 3621; x_wconf 80' lang='lat' dir='ltr'>Voir</span> <span class='ocrx_word' id='word_1_376' title='bbox 1792 3590 1836 3637; x_wconf 87' lang='lat' dir='ltr'>p.</span> <span class='ocrx_word' id='word_1_377' title='bbox 1859 3578 1956 3632; x_wconf 77' lang='lat'><strong>154,</strong></span> <span class='ocrx_word' id='word_1_378' title='bbox 1978 3581 2089 3625; x_wconf 81' lang='lat' dir='ltr'>note</span> <span class='ocrx_word' id='word_1_379' title='bbox 2108 3577 2155 3624; x_wconf 83' lang='lat'>6.</span> 
     </span>
    </p>
   </div>
  </div>
 </body>
</html>
