2570 4026
850 347 934 395 'LE
978 325 1008 388 ἃ
1059 353 1170 396 pao
1212 353 1463 424 romi-:io
1505 360 1538 387 ν»
2039 339 2157 398 233

246 496 432 574 plexa
458 498 697 566 teneat,
732 499 1171 579 vestramque,
1202 496 1484 573 judices,
1519 516 1592 558 ac
1632 500 1852 576 populi
1892 500 2163 560 Romani

248 585 441 645 fidem
476 584 781 662 imploret
814 603 827 645 :
877 603 1041 663 quae.
1062 602 1178 663 pro
1211 587 1394 670 vobis
1424 587 1778 665 liberisque
1807 591 2039 649 vestris
2069 594 2164 651 tot
2209 579 2214 586 ’

246 691 450 734 annos
492 673 560 732 in
601 672 726 735 diis
777 674 1256 734 immortalibus
1301 675 1635 753 placandis
1681 682 1992 754 occupata
2039 683 2157 750 est,

246 766 315 822 ut
344 781 420 822 ea
444 779 620 823 nunc
652 780 767 840 pro
806 764 1013 824 salute
1042 782 1162 825 sua
1194 765 1543 843 fratrisque
1586 767 1689 826 sui
1731 761 1986 828 animos
2013 786 2163 829 ves-

243 849 377 912 tros
406 853 660 930 placare
688 853 919 930 possit.
953 856 1052 913 47.
1090 855 1199 914 Cui
1233 856 1489 915 miserae
1514 854 1686 933 quod
1713 856 2156 933 praesidium1,

244 942 414 1018 quod
440 941 754 1002 solacium
783 941 1111 1021 reliquum
1139 948 1260 1018 est,
1290 945 1415 1004 hoc
1442 944 1728 1005 amisso?
1753 947 1910 1005 Nam
1932 951 2156 1007 ceterae

243 1031 501 1090 feminae
553 1031 814 1108 gignere
866 1032 1022 1109 ipsae
1069 1033 1193 1093 sihi
1241 1033 1564 1112 praesidia,
1601 1037 1664 1094 et
1700 1034 1938 1095 habere
1982 1034 2157 1109 domi

240 1120 648 1180 fortunarum
682 1122 975 1182 omnium
1006 1122 1258 1183 socium
1288 1122 1804 1202 participemque
1837 1129 2110 1200 possunt
2139 1144 2152 1184 :
2235 1167 2240 1178 ,

240 1209 392 1269 111116
431 1226 583 1269 vero
624 1210 882 1286 virgini,
913 1210 1065 1288 quid
1091 1207 1212 1283 est,
1245 1216 1477 1289 praeter
1515 1211 1802 1278 fratrem,
1838 1212 2009 1290 quod
2050 1219 2158 1273 aut

235 1298 626 1375 jucundum,
650 1303 759 1359 aut
785 1295 1008 1359 carum
1026 1317 1170 1361 esse
1194 1302 1446 1378 possit?
1467 1300 1675 1362 Nolite
1699 1302 1852 1379 pati,
1875 1302 2154 1379 judiceS,

239 1405 383 1447 aras
447 1389 718 1448 deorum
773 1389 1267 1462 immortalium,
1317 1393 1656 1468 Vestaeque
1702 1391 1950 1463 mame,
2001 1393 2157 1452 coti-

245 1478 457 1538 dianis
487 1477 757 1554 virginis
786 1477 1362 1539 lamentationibus
1394 1480 1472 1540 de
1505 1484 1717 1540 vestro
1758 1479 2004 1556 judicio
2052 1500 2156 1542 co-

249 1566 503 1627 moneri
524 1567 566 1625 ².
602 1567 981 1644 prospicite,
1015 1585 1094 1627 ne
1138 1568 1245 1627 ille
1280 1568 1453 1645 ignis
1486 1573 1786 1642 aeternus,
1820 1572 2157 1631 nocturnis

239 1654 567 1714 Fonteiae⁸
621 1655 953 1715 laboribus
1002 1656 1379 1734 vigiliisque
1437 1660 1752 1730 servatus,
1805 1660 2158 1721 sacerdotis

237 1748 468 1804 vestrae
500 1743 786 1805 lacrimis
830 1746 1231 1822 exstinctus⁴
1266 1764 1410 1807 esse
1455 1745 1725 1808 dicatur.
1782 1749 1881 1807 48.
1933 1749 2160 1810 Tendit

241 1834 318 1893 ad
352 1849 468 1893 vos
500 1833 681 1910 virgo
713 1834 988 1894 Vestalis
1034 1852 1268 1896 manus
1303 1835 1652 1913 supplices,
1694 1835 1956 1898 easdem
1997 1856 2157 1915 quas

238 1940 353 2001 pro
386 1922 572 1982 vobis
611 1921 737 1985 diis
774 1923 1260 1984 immortalibus
1305 1923 1566 1985 tendere
1615 1926 1952 1986 consuevit
1986 1945 1998 1986 :
2051 1945 2157 1989 ca-

235 2018 401 2086 vete,
436 2030 516 2073 ne
548 2010 990 2091 periculosum
1022 2015 1506 2092 superbumque
1530 2016 1550 2049 5
1584 2016 1687 2087 sit,
1725 2016 1864 2092 ejus
1895 2033 2010 2077 vos
2044 2019 2156 2078 ob-

243 2102 676 2163 secrationem
740 2103 1098 2180 repudiare,
1160 2104 1351 2181 cujus
1411 2121 1637 2182 preces
1689 2105 1742 2165 si
1804 2105 1892 2165 dii
1946 2124 2159 2185 asper·

244 2197 577 2265 narentur,
610 2192 750 2252 haec
769 2194 789 2227 ⁶
820 2193 993 2252 salva
1021 2210 1165 2255 esse
1195 2211 1330 2254 non
1358 2197 1645 2272 possent.

313 2280 644 2341 Videtisne
717 2281 964 2358 subitO,
1029 2282 1319 2360 judiceS,
1394 2284 1605 2343 virum
1686 2284 2153 2360 fortissimum,

233 2373 310 2430 M.
374 2370 738 2443 Fonteium,
784 2372 1073 2448 parentis
1124 2376 1185 2432 et
1243 2373 1489 2432 sororis
1537 2376 2157 2435 commemoratione

235 2461 536 2522 lacrimas
583 2459 1043 2537 profudisse'¹‘.>
1086 2461 1205 2532 Qui
1253 2478 1589 2538 nunquam
1647 2463 1714 2521 in
1766 2463 1901 2524 acie
1960 2466 2158 2541 perti-

228 2664 423 2707 l'atrium
441 2664 502 2707 du
527 2664 695 2717 temple
717 2663 772 2706 de
793 2664 895 2706 leur
911 2662 1075 2706 deesse
1095 2664 1137 2706 le
1248 2662 1395 2707 eteint
1416 2675 1499 2718 par
1522 2666 1589 2709 les
1610 2667 1784 2709 larmes
1806 2666 1946 2710 d'une
1962 2669 2155 2715 vestale.

228 2720 359 2772 foyer
380 2718 445 2760 du
466 2717 634 2771 peuple
653 2718 840 2759 romain
860 2717 976 2759 dont
993 2717 1035 2759 le
1057 2718 1137 2760 feu
1299 2721 1340 2759 5.
1370 2718 1672 2760 Periculosum
1707 2721 2039 2774 superbumque.
2075 2722 2154 2765 Ci-

230 2784 289 2814 ne
310 2772 410 2815 doit
432 2771 610 2824 jamais
627 2767 892 2814 s'eteindre.
1246 2771 1387 2814 ceron
1414 2773 1519 2815 unit
1548 2784 1626 2818 ces
1647 2773 1771 2817 deux
1798 2776 1921 2817 mots
1946 2774 2066 2816 dans
2087 2786 2153 2817 un

282 2827 320 2868 1.
350 2823 631 2865 Presidium.
646 2824 717 2866 On
740 2824 1062 2877 avul'emploi
1080 2824 1136 2867 de
1279 2837 1447 2879 assage
1468 2825 1530 2867 du
1552 2826 1616 2868 De
1645 2827 1709 2869 Re
1724 2827 1905 2880 publica
1923 2828 2005 2881 (ΙΙ,
2028 2839 2152 2878 xxu,

228 2890 281 2921 ce
304 2879 403 2920 mot
429 2889 490 2920 au
512 2888 622 2920 sens
647 2888 831 2931 propre.
880 2908 889 2917 .
913 2879 1004 2926 107,
1027 2879 1135 2920 note
1243 2836 1314 2932 39)
1326 2879 1387 2921 011
1400 2878 1432 2922 il
1448 2881 1518 2922 est
1562 2881 1748 2924 uestion
1761 2879 1842 2923 des
1853 2877 2085 2924 reformes
2098 2882 2154 2923 de

225 2932 276 2975 2·
318 2932 394 2980 ici,
415 2930 673 2985 praesidium
701 2931 824 2985 signi
861 2941 886 2974 e
919 2933 1044 2974 toute
1066 2942 1134 2974 es·
1245 2933 1440 2976 Servius
1457 2934 1544 2976 Tul
1569 2934 1644 2976 ius
1663 2948 1672 2974 :
1691 2934 1846 2996 Neque
1864 2935 2152 2989 [multitudo]

226 2965 338 3040 pecc
358 2985 415 3029 de
442 2995 651 3027 secours.
1242 2985 1552 3028 excluderetur
1568 2987 1882 3042 suffraqies‚²2e
1895 2989 2153 3042 superbum

277 3040 317 3081 ·2.
351 3039 441 3083 Les
460 3037 664 3082 editions
679 3039 762 3081 ont
779 3038 1066 3082 d'ordinaire
1086 3037 1134 3080 la
1243 3043 1358 3081 esset
1370 3053 1387 3089 ;
1410 3053 1489 3082 nec
1513 3042 1681 3083 valeret
1701 3041 1849 3095 nimis,
1871 3053 1924 3083 ne
1947 3047 2061 3084 esset
2082 3053 2157 3096 pe-

226 3093 361 3144 lecon
389 3091 646 3133 commoveri
680 3091 762 3145 qui
793 3102 854 3135 ne
885 3101 936 3135 se
968 3093 1133 3134 trouve
1243 3093 1524 3141 riculosum.

227 3157 312 3200 pas
361 3146 480 3188 dans
534 3145 602 3188 les
651 3145 892 3189 meilleurs
940 3156 1134 3188 manus·
1298 3148 1340 3188 6.
1373 3146 1497 3188 Haec.
1553 3148 1639 3191 Ces
1691 3149 1859 3192 choses
1902 3150 1984 3204 qui
2033 3161 2155 3193 nous

224 3200 357 3242 crits.
1246 3211 1274 3242 a
1305 3201 1635 3261 partiennent.
1682 3212 1773 3256 que
1806 3213 1930 3245 nous
1976 3214 2156 3258 voyons

279 3254 319 3296 3.
350 3251 567 3293 Fonteiae.
587 3252 705 3294 Fille
730 3250 787 3296 de
808 3253 871 3295 M.
889 3253 1133 3313 Fonteius,
1244 3210 1338 3308 (fec
1371 3257 1441 3297 est
1471 3255 1513 3297 le
1535 3266 1734 3309 pronom
1768 3255 1825 3298 de
1860 3256 1906 3298 la
1926 3255 2156 3310 premiere

225 3306 274 3349 la
316 3305 511 3353 vestale,
544 3315 673 3347 soeur
712 3304 768 3348 de
803 3306 1048 3350 Fontem&
1088 3316 1136 3347 se
1308 3307 1516 3361 monne),
1568 3308 1847 3352 c'est-a-dire
1900 3310 1946 3352 la
2001 3309 2155 3363 Repu-

228 3369 423 3402 nomme
453 3359 669 3409 Fonteio„
693 3369 877 3401 comme
898 3360 945 3402 la
963 3357 1056 3402 fille
1081 3359 1137 3401 de
1280 3360 1424 3414 lique.

229 3414 294 3454 M.
343 3411 533 3455 'rullius
587 3412 748 3455 Cicero
800 3422 851 3455 se
907 3414 1141 3455 nommait
1301 3417 1341 3456 7.
1373 3414 1603 3456 Lacrimas
1640 3415 1910 3470 profudisse.
1961 3414 2155 3459 Ciceron

227 3465 401 3509 Tullia.
1248 3468 1356 3510 dira
1392 3468 1436 3509 16
1479 3470 1715 3511 contraire
1763 3467 1819 3512 de
1855 3470 2002 3512 Milon
2046 3470 2157 3523 (Pro

283 3522 322 3561 4.
361 3517 649 3560 Exstinctus.
691 3517 813 3561 C'est
844 3530 910 3561 un
942 3519 1054 3560 trait
1086 3518 1142 3561 de
1253 3519 1450 3569 Milone,
1499 3533 1675 3571 xxxiv,
1722 3524 1774 3563 92
1837 3536 1846 3562 τ
1890 3522 1944 3563 In
2006 3527 2159 3562 nost-ro

231 3572 340 3615 bien
370 3571 599 3614 mauvais
619 3573 844 3626 gontque
865 3570 1142 3634 d‘imaginer
1257 3573 1454 3635 omniunt
1507 3575 1615 3636 fletu
1687 3572 1855 3636 nulum
1930 3575 2156 3616 lacrimam

229 3636 321 3679 que
354 3626 397 3668 le
431 3626 514 3669 feu
546 3624 609 3666 du
641 3624 769 3678 foyer
799 3625 861 3667 de
885 3625 1031 3667 Vesta
1055 3627 1146 3668 soit
1260 3625 1539 3678 adspeoetstw
1566 3627 1772 3670 Milone-2.
