2570 4026
793 338 873 406 β1,]ἐέ
917 355 946 386 «
994 349 1108 393 rao
1151 349 1438 396 CORNELIO
1485 351 1667 394 BALBO
1720 359 1749 389 »

305 485 543 563 adepti,
591 485 757 544 hanc
799 500 866 544 se
905 484 1290 560 perdidisse,
1325 487 1452 546 nisi
1505 485 1857 562 postlimini

304 578 580 636 rassent.
646 574 894 633 Peritus
952 591 1105 634 vero
1162 576 1369 635 nostri
1424 576 1593 652 juris
1659 591 1732 634 ac
1790 592 1856 633 m

303 682 617 740 unquam,
649 663 757 739 qui
790 662 957 722 hanc
989 663 1316 722 civitatem
1360 665 1635 724 retinere
1681 664 1857 722 vellel

312 770 384 812 se
408 753 734 812 civitatem
767 751 1022 811 dicavit.

385 859 552 918 XIII.
602 857 724 918 Sed
747 859 852 917 hic
875 863 1048 917 totus
1075 859 1257 919 locus
1289 859 1745 938 disputationis
1776 861 1857 918 at(

304 949 412 1008 nis
453 965 636 1023 meae,
681 947 960 1024 judices,
995 949 1277 1025 pertinet
1327 949 1404 1008 ad
1437 966 1783 1009 commune
1819 948 1857 1024 j*

313 1038 542 1098 darum
598 1037 968 1110 civitatum;
1031 1037 1190 1097 nihil
1240 1039 1457 1112 habet,
1526 1037 1698 1116 quod
1758 1037 1842 1097 sit

307 1126 644 1203 religionis
678 1143 751 1186 ac
782 1125 1118 1186 foederum.
1141 1127 1428 1186 Defendo
1458 1128 1632 1187 enim
1657 1144 1795 1186 rem
1826 1144 1857 1183 u

303 1216 555 1275 nullam
575 1231 720 1274 esse
747 1219 1006 1291 gentem
1040 1232 1117 1275 ex
1149 1217 1326 1276 omni
1360 1217 1622 1293 regione
1646 1219 1857 1276 terrar

301 1309 442 1374 tam
505 1303 930 1365 dissidentem
986 1321 1022 1363 a
1077 1305 1319 1382 populo
1380 1306 1672 1365 Romano
1733 1303 1857 1363 odi(

309 1397 502 1471 atque
531 1393 826 1465 discidio,
881 1409 1091 1469 neque
1131 1397 1261 1452 tam
1294 1393 1418 1453 fide
1455 1394 1857 1453 benevolenti

297 1484 615 1560 junctam,
681 1499 757 1540 ex
812 1499 936 1558 qua
987 1483 1185 1540 nobis*
1229 1483 1644 1543 interdictum
1693 1483 1798 1550 sit,

309 1572 672 1632 adsciscere
740 1571 973 1643 civem,
1042 1576 1157 1631 aut=
1225 1573 1482 1632 civitate
1560 1572 1800 1632 donare

307 1663 407 1721 31.
445 1663 492 1722 Ο
518 1661 665 1738 jura
697 1660 1024 1736 praeclara,
1070 1664 1259 1738 atque
1293 1661 1603 1720 divinitus
1630 1661 1768 1738 jam
1806 1661 1857 1719 ir

304 1751 476 1828 cipio
512 1750 785 1810 Romani
816 1747 1102 1807 nominis
1126 1750 1535 1827 amajoribus
1561 1750 1803 1808 nostris
1827 1767 1857 1808 c

304 1858 389 1899 ne
421 1839 566 1915 quis
598 1843 895 1897 nostrum
919 1837 1064 1914 plus
1092 1856 1288 1914 quam
1319 1838 1514 1918 unius
1536 1839 1814 1897 civitatis
1840 1856 1857 1896 ε

311 1927 796 2007 (dissimilitudo
821 1927 996 1986 enim
1026 1926 1361 1987 civitatum
1391 1928 1771 1988 varietatem
1788 1927 1857 2004 ju

306 2035 577 2078 necesse
628 2016 772 2097 est),
810 2035 890 2076 ne
941 2017 1086 2093 quis
1128 2018 1367 2077 invitus
1410 2018 1665 2078 civitate
1705 2023 1857 2076 mut«

303 2107 374 2166 in
414 2107 668 2166 civitate
719 2112 974 2165 maneat
1028 2106 1297 2165 invitus!
1362 2109 1508 2166 Haec
1569 2111 1717 2166 sunt
1765 2106 1857 2165 eni

300 2200 524 2254 menta
590 2195 967 2254 firmissima
1015 2201 1252 2255 nostrae
1317 2196 1658 2268 libertatis,
1732 2194 1830 2253 sui

293 2285 463 2361 juris
509 2290 571 2344 et
601 2284 919 2342 retinendi
964 2287 1027 2342 et
1067 2283 1429 2343 dimittendi
1480 2302 1623 2343 esse
1662 2283 1857 2342 domii

209 2437 213 2441 ,
298 2392 452 2433 vero
486 2375 623 2433 sine
662 2373 796 2432 ulla
840 2372 1239 2432 dubitatione
1281 2374 1561 2432 maxime
1598 2376 1852 2432 “nostrin

302 2463 651 2540 imperium
683 2467 745 2521 et
774 2462 999 2538 populi
1032 2462 1303 2521 Romani
1343 2479 1582 2521 nomen
1614 2462 1811 2533 auxit,
1848 2481 1857 2517 ι

300 2568 455 2629 ceps
483 2551 589 2611 ille
608 2554 858 2611 creator
878 2551 1075 2626 hujus
1102 2551 1306 2625 urbiS‚
1334 2551 1649 2609 Romulus
1665 2552 1704 2624 ¹,
1725 2550 1849 2609 foed

300 2640 520 2701 docuit
567 2641 761 2700 etiam
810 2640 1109 2699 hostibus
1147 2640 1535 2717 recipiendis
1588 2640 1805 2717 augeri
1851 2640 1857 2697 l

299 2733 502 2789 tatem
548 2734 865 2807 oportere.
908 2729 1106 2805 Cujus
1164 2729 1544 2789 auctoritate
1601 2733 1664 2788 et
1702 2746 1857 2787 cxen

301 2836 497 2895 quam
541 2823 639 2877 est
690 2818 1062 2878 intermissa
1103 2836 1138 2876 a
1178 2817 1536 2894 majoribus
1576 2817 1817 2876 nostris

301 2906 806 2967 communicatio
859 2906 1159 2966 civitatis,
1208 2906 1429 2983 Itaque
1473 2910 1535 2965 et
1562 2924 1638 2966 ex
1682 2905 1857 2964 Latio

300 2997 668 3070 Tusculani,
698 3001 769 3056 ut
795 2988 1129 3069 Lanuvini,
1154 2999 1216 3055 et
1237 3012 1318 3055 ex
1343 2995 1578 3054 ceteris
1597 2995 1857 3072 regioni]

300 3086 618 3145 universae
665 3086 732 3145 in
785 3085 1111 3145 civitatem
1157 3089 1310 3143 sunt
1358 3089 1651 3160 receptae,
1694 3089 1760 3143 ut
1808 3083 1857 3143 Ss

300 3175 700 3247 Volscorum,
735 3174 1200 3246 Hernicorum;
1253 3172 1489 3250 quibus
1548 3191 1625 3233 ex
1680 3173 1857 3232 civite

300 3264 542 3324 coacti²
619 3268 840 3324 essent
892 3263 1146 3323 civitate
1210 3262 1471 3333 mutari,
1519 3262 1572 3321 si
1650 3262 1760 3338 qui
1830 3280 1857 3320 r.

353 3401 392 3446 1.
417 3400 643 3444 Rmnuzus.
661 3403 728 3445 La
749 3400 979 3455 premiere
998 3400 1204 3443 alliance
1368 3399 1409 3442 2.
1444 3400 1613 3442 eoacti.
1639 3400 1759 3443 C’est
1779 3412 1857 3453 cep

303 3456 502 3498 conclue
520 3459 651 3498 entre
673 3456 924 3501 Romulus,
950 3454 1205 3496 fondateur
1318 3465 1401 3507 par
1432 3454 1480 3495 la
1500 3455 1731 3507 conquete
1753 3464 1853 3494 rom

317 3508 568 3563 agendaire
587 3509 643 3552 dc
667 3512 829 3558 Rome,
853 3511 898 3551 et
918 3509 1106 3556 Tatius,
1132 3508 1203 3549 roi
1317 3508 1387 3550 les
1418 3508 1591 3549 Sabins
1622 3508 1822 3549 vaincus
1844 3518 1857 3547 c

299 3562 382 3605 des
403 3562 576 3604 Sabius
607 3563 664 3606 cle
702 3564 862 3605 Cures.
913 3562 1001 3604 Les
1033 3562 1205 3603 Sabins
1316 3572 1373 3603 eu
1402 3559 1478 3603 3²⁴0
1499 3564 1643 3603 avaut
1663 3562 1688 3602 J
1696 3561 1794 3609 .-C.‚
1823 3560 1857 3602 le

299 3615 586 3660 devenaient
613 3618 827 3670 citoyens
860 3616 1092 3657 romains.
1316 3615 1382 3657 les
1410 3616 1700 3668 Hei-nique&
1718 3612 1857 3666 peupl

2116 323 2233 389 399
