2570 4026
288 371 293 376 -
346 337 466 396 211)
1084 345 1188 390 Las
1233 344 1534 390 maumas

348 502 541 546 unam
583 485 651 543 in
689 482 925 559 capite,
973 480 1246 541 alteram
1301 480 1369 538 in
1412 473 1605 550 collo,
1664 478 2139 558 reticulumque
2190 479 2272 540 ad

346 591 538 635 nares
571 573 694 633 sibi
738 571 1145 642 admovebat,
1180 568 1573 629 tenuissimo
1625 568 1782 641 lino,
1830 570 2099 630 minutis
2144 587 2276 630 ma-

347 663 533 735 culiS,
568 663 831 740 plenum
879 660 1063 720 ros'ae.
1102 658 1206 718 Sic
1249 657 1555 718 confecto
1584 658 1836 731 itinere,
1867 676 2017 719 cum
2050 659 2128 719 ad
2162 660 2277 718 ali-

348 752 521 831 quod
555 750 863 829 oppidum
897 752 1180 820 venerat,
1221 747 1448 808 eadem
1499 747 1728 807 lectica
1758 765 1965 827 usque
1996 750 2063 808 in
2094 749 2273 809 cubi·
2350 753 2357 759 ’

347 837 569 903 cu'lum
596 840 1024 900 deferebatur.
1054 840 1139 897 Eo
1166 838 1514 898 veniebant
1542 836 1910 898 Siculorum
1929 840 2272 916 magistra—-

347 930 831 1004 tuS‚veniebant
857 928 1108 1005 equites
1148 925 1439 997 Romani,
1462 925 1525 985 id
1545 925 1718 1003 quod
1740 943 1817 986 ex
1842 927 2066 988 multis
2092 927 2271 1005 jura-

346 1022 466 1081 tis1
556 1017 866 1088 audistis3
947 1016 1404 1077 controversiae
1469 1021 1722 1075 secreto
1781 1015 2269 1089 deferebantur3

349 1109 541 1188 paulo
573 1109 722 1184 post
764 1105 977 1183 palam
1034 1104 1293 1166 decreta
1325 1103 1799 1193 auferebantur.
1843 1106 2107 1183 Deinde,
2156 1099 2271 1166 ubi

345 1198 679 1278 paulisper
730 1196 795 1253 in
841 1192 1162 1270 cubicum,
1192 1194 1424 1271 pretio,
1469 1211 1603 1254 non
1641 1193 1938 1272 aequitate
1979 1195 2140 1271 ,jura
2177 1195 2275 1254 di-

329 1283 719 1365 scripserat,
780 1283 1014 1343 Veneri
1064 1282 1201 1360 jam
1229 1286 1295 1342 et
1333 1283 1605 1344 Libero²³
1652 1283 1978 1362 reliquum
2011 1290 2274 1362 tempus

349 1376 568 1438 deberi
600 1373 1050 1433 arbitrabatur.

428 1473 528 1532 28.
563 1471 699 1542 Quo
731 1470 874 1528 loco
903 1483 1034 1527 non
1065 1468 1224 1527 mihi
1257 1469 1812 1544 praetermittenda
1830 1468 2083 1529 videtur
2110 1487 2279 1547 prae-

349 1562 505 1623 clari
565 1557 976 1637 imperatoris
1033 1557 1294 1635 egregia
1351 1574 1424 1617 ac
1500 1558 1847 1634 singularis
1916 1558 2274 1636 diligentia.

350 1654 512 1711 Nam
555 1650 788 1709 scitote
830 1646 1144 1724 oppidum
1195 1662 1339 1705 esse
1380 1647 1449 1707 in
1492 1646 1710 1706 Sicilia
1759 1646 2014 1707 nullum
2066 1665 2141 1706 ex
2190 1649 2276 1712 iis

351 1739 634 1818 oppidis,
663 1737 729 1796 in
756 1736 992 1814 quibus
1022 1736 1381 1798 consistere
1424 1740 1734 1814 praetores
1775 1741 1838 1797 et
1876 1742 2274 1799 conventum

353 1830 578 1907 agere³
604 1826 875 1896 soleant,
907 1842 1035 1902 quo
1059 1826 1125 1884 in
1155 1825 1393 1902 oppido
1425 1843 1556 1885 non
1588 1825 1695 1886 isti
1727 1844 1806 1886 ex
1832 1826 2047 1904 aliqua
2076 1826 2279 1887 fami-

354 1920 441 1979 lia
479 1934 611 1977 non
654 1915 924 1994 ignobili
979 1914 1228 1975 delecta
1274 1914 1352 1973 ad
1399 1913 1738 1976 libidinem
1792 1916 2028 1976 mulier
2075 1922 2273 1981 esset.

357 2010 578 2084 Itaque
609 2024 741 2069 non
781 2003 973 2079 nullae
1006 2024 1083 2063 ex
1112 2022 1187 2064 eo
1214 2022 1489 2065 numero
1520 2006 1585 2065 in
1616 2006 1984 2066 convivium
2017 2007 2281 2069 adhibe-

358 2101 593 2171 bantur
644 2093 893 2174 palam3
951 2095 1003 2154 si
1065 2112 1204 2171 quae
1261 2096 1571 2155 castiores
1628 2101 1829 2167 erant,
1892 2095 1972 2156 ad
2014 2101 2279 2175 tempus

360 2187 729 2255 veniebant,
801 2185 1019 2263 lucem
1100 2189 1622 2262 conventumque
1691 2185 1998 2246 vitabant.
2085 2189 2279 2248 Erant

361 2281 575 2337 autem
617 2275 933 2345 convivia,
992 2290 1124 2333 non
1181 2272 1288 2333 illo
1346 2274 1605 2334 silentio
1658 2279 2006 2352 praetorum
2052 2276 2280 2355 populi

361 2366 634 2427 Romani
671 2368 862 2443 atque
902 2358 1391 2441 imperatorum,
1427 2380 1636 2442 neque
1665 2382 1740 2424 eo
1767 2366 2036 2442 pudore,
2068 2367 2272 2443 quiin

361 2455 859 2531 magistratuum
887 2452 1204 2513 conviviis
1233 2454 1476 2515 versari
1503 2453 1691 2524 solet,
1725 2454 1837 2515 sed
1878 2472 2028 2515 cum
2075 2457 2287 2515 maxi-

363 2562 470 2604 mo
503 2544 784 2604 clamore
816 2547 1006 2620 atque
1053 2542 1386 2615 convicio;
1416 2559 1549 2603 non
1591 2561 1925 2621 nunquam
1948 2545 2143 2604 etiam
2172 2562 2280 2605 res

365 2634 443 2694 ad
472 2650 755 2711 pugnam
781 2636 972 2709 atque
999 2632 1078 2692 ad
1100 2649 1335 2695 manus
1365 2633 1733 2693 vocabatur.
1760 2633 1885 2693 Iste
1911 2634 2086 2693 enim
2118 2652 2283 2711 prae-

364 2729 466 2783 tor
505 2739 770 2782 severus
811 2739 885 2781 ac
933 2721 1238 2798 diligenS,
1285 2721 1394 2798 qui
1444 2722 1664 2799 populi
1712 2723 1985 2783 Romani
2024 2723 2282 2801 legibus

365 2829 697 2889 nunquam
757 2810 1101 2888 paruisset,
1160 2810 1290 2869 illis
1359 2810 1633 2886 legibus,
1697 2829 1836 2893 quae
1891 2810 1959 2875 in
2025 2812 2283 2890 poculis

365 2902 793 2979 ponebantur,
837 2899 1182 2978 diligenter
1225 2900 1712 2978 obtemperabat
1740 2902 1783 2961 ⁴.
1840 2903 2061 2978 Itaque
2100 2906 2285 2962 erant

368 2992 579 3052 exitus
626 2991 767 3071 ejus
807 2990 1007 3062 modi,
1055 2994 1125 3050 ut
1172 2990 1338 3050 alius
1383 2990 1552 3051 inter
1601 3008 1832 3051 manus
1878 3009 1911 3052 e
1952 2991 2281 3065 convivi0‚

367 3144 520 3187 littere
540 3143 655 3187 etait
678 3153 737 3185 eu
758 3143 881 3186 tissu
904 3142 960 3185 de
980 3142 1147 3185 Malta.
1178 3142 1264 3184 Ces
1374 3142 1609 3185 s’arretait
1632 3153 1751 3195 pour
1772 3143 1892 3187 tenir
1916 3144 1984 3186 les
2006 3144 2207 3191 assises,
2224 3143 2290 3186 ou

365 3200 515 3241 tissus
540 3196 718 3239 etaient
736 3195 1005 3239 renommes
1021 3207 1139 3249 pour
1164 3197 1266 3238 leur
1378 3196 1410 3237 il
1431 3197 1712 3249 prononcait
1732 3207 1815 3238 sur
1837 3195 1906 3239 les
1928 3196 2122 3239 affaires
2156 3199 2204 3239 et
2222 3197 2287 3239 οὺ

370 3252 593 3293 douceur.
1378 3250 1408 3291 il
1430 3249 1618 3292 rendait
1637 3250 1683 3292 la
1708 3250 1903 3304 justice.
1930 3251 2044 3292 Voir
2065 3250 2110 3291 la
2133 3251 2244 3292 note
2263 3253 2292 3292 6

417 3303 458 3348 1.
484 3305 680 3345 Jeep-atis.
718 3304 809 3345 Des
844 3302 1045 3347 temoins
1072 3303 1153 3356 qui
1185 3306 1266 3345 ont
1377 3302 1502 3346 dela
1560 3302 1758 3357 agent).

369 3355 541 3411 depos&
571 3368 683 3399 sous
710 3358 756 3399 la
780 3358 925 3400 foidu
953 3359 1181 3399 serment.
1439 3355 1479 3399 4.
1531 3356 1873 3409 lbeemperabat.
1900 3359 2015 3399 Voir
2048 3358 2094 3400 la
2127 3364 2239 3404 note
2259 3364 2293 3404 9

420 3415 466 3454 2.
496 3411 673 3452 Libero.
703 3410 834 3453 Liber
858 3413 930 3454 est
951 3421 1017 3453 un
1037 3410 1119 3453 des
1137 3421 1274 3453 uoms
1386 3410 1443 3452 de
1464 3412 1510 3453 la
1522 3421 1640 3472 page
1656 3409 1723 3453 86.
1739 3409 1912 3453 Verres
1932 3413 2097 3455 violait
2111 3413 2178 3455 les
2197 3415 2290 3456 lois

372 3465 435 3506 du
457 3465 676 3506 Bacchus
697 3466 902 3508 romain.
1385 3475 1642 3513 romaniae,
1670 3465 1793 3508 mais
1814 3465 1846 3507 il
1873 3461 2102 3508 obeissait
2127 3467 2291 3510 volon-

419 3516 465 3562 3.
498 3518 765 3559 conventam
805 3531 963 3571 assere.
994 3518 1085 3560 Les
1118 3518 1271 3565 chefs-
1385 3519 1500 3561 tiers
1524 3529 1620 3561 anx
1643 3519 1732 3561 lois
1750 3517 1807 3561 de
1828 3520 1873 3561 la
1903 3520 2026 3561 table
2047 3519 2288 3573 imposees

371 3568 498 3612 lieux
522 3571 603 3612 des
644 3571 855 3614 districts
904 3571 1102 3625 (oppida)
1141 3571 1201 3613 ou
1229 3573 1270 3615 le
1383 3583 1469 3625 par
1499 3571 1542 3615 le
1579 3585 1661 3613 rea:
1700 3573 1898 3622 convivii,
1939 3573 2020 3666 qui
2046 3572 2176 3622 etan,
2215 3573 2289 3619 dit

366 3622 572 3678 preteur,
587 3636 643 3667 en
660 3626 852 3669 tournee
871 3625 1270 3675 administrative,
1385 3627 1584 3676 Horace,
1603 3626 1774 3668 arbiter
1802 3626 1942 3668 bibent
1962 3627 1997 3671 ι’.
