2570 4026
1100 315 1203 358 LES
1250 315 1541 358 VERRINES

617 453 727 509 aut
783 467 936 509 cum
991 452 1055 523 P.
1119 451 1520 526 Africanus¹,
1577 450 1775 508 homo
1835 449 2090 521 virtute,
2154 448 2282 509 for-

610 538 826 615 glorie„
861 540 1054 600 rebus
1089 541 1292 617 gestis
1337 540 1803 617 amplissimuS‚
1852 543 2284 617 posteaquam

610 630 727 687 isul
751 633 813 688 et
842 647 1075 691 censor
1109 630 1341 703 fuerat,
1378 632 1441 688 L.
1493 630 1740 689 Cottam
1772 629 1793 663 2
1838 629 1904 686 in·
1954 627 2282 704 judiciuin

613 723 657 777 t.
704 720 857 779 Jure
908 723 1046 778 tum
1100 719 1372 778 florebat
1412 719 1633 796 populi
1681 717 1952 797 Romani
2001 733 2281 785 nomem

610 808 907 867 actoritas
956 808 1153 883 hujus
1206 807 1486 885 imperii,
1535 796 1940 884 civitatisque
1974 806 2285 883 maiestas

626 897 1007 957 habebatur.
1057 899 1257 957 Nemo
1306 897 1664 958 mirabatur
1699 897 1766 955 in
1811 895 2110 955 Africano
2143 896 2279 969 illo,

610 1004 641 1046 [ι
674 1004 777 1046 me
800 1004 996 1060 nunc,
1034 987 1299 1046 homine
1332 987 1546 1064 parvis
1579 987 1811 1064 opibus
1856 985 2282 1061 acfacultati-

610 1076 838 1150 aedito,
900 1077 1212 1136 simulant
1269 1093 1412 1136 sese
1468 1077 1712 1149 mirari,
1792 1093 1944 1136 cum
1996 1073 2279 1134 moleste

635 1168 733 1225 70.
774 1188 801 1219 «
837 1165 1001 1236 Quid
1035 1166 1159 1225 sibi
1196 1166 1316 1225 iste
1366 1166 1502 1226 vult
1532 1163 1594 1223 ³5!
1644 1169 2173 1226 accusatoremne
2206 1176 2282 1225 se

610 1256 743 1330 nari,
779 1256 888 1332 qui
910 1259 1097 1314 antea
1124 1254 1468 1316 defendere
1500 1259 1874 1326 consuerat3
1906 1271 2078 1314 nunc
2110 1271 2281 1332 prte-

649 1362 721 1403 ea
742 1345 880 1420 jam
910 1348 1111 1418 aetate,
1158 1363 1307 1405 cum
1348 1339 1722 1405 ae'dilitatem
1753 1342 1772 1376 ὅ
1806 1347 1979 1422 petat
2007 1342 2036 1400 ἱ)
2071 1367 2099 1397 »
2144 1344 2278 1419 Ego

610 1478 611 1484 1
641 1434 846 1492 aetatis
877 1451 1009 1493 non
1034 1434 1229 1494 modo
1262 1452 1447 1507 meae,
1477 1433 1591 1495 sed
1621 1435 1825 1494 multo
1854 1433 2046 1492 etiam
2079 1449 2282 1510 supe-

616 1527 677 1582 et
701 1523 969 1582 honoris
1003 1522 1393 1603 amplissimi
1425 1526 1446 1558 5
1494 1529 1649 1601 puto
1678 1540 1844 1597 esse,
1880 1528 1942 1582 et
1967 1538 2280 1582 accusare

610 1629 724 1682 »ο5,
756 1616 816 1672 et
864 1613 1142 1672 miseros
1198 1614 1740 1690 calamitososque
1795 1612 2163 1684 defendere.
2201 1612 2283 1670 Et

612 1720 647 1761 o
688 1706 797 1761 aut
826 1703 951 1762 hoc
983 1703 1347 1763 remedium
1388 1707 1486 1763 est
1517 1708 1769 1779 aegrotae
1811 1719 1883 1761 ac
1925 1717 2123 1778 prope
2157 1700 2278 1759 de·-

610 1810 630 1850 e
658 1791 751 1850 rei
777 1790 1053 1868 publicae
1080 1792 1474 1869 judiciisque
1508 1792 1826 1870 corruptis
1863 1794 1925 1850 et
1955 1791 2281 1850 contami-

612 1898 967 1961 paucorum
1021 1881 1176 1941 vitio
1222 1899 1296 1942 ac
1344 1882 1767 1958 turpitudine,
1828 1881 2130 1940 homines
2191 1881 2276 1940 ad

655 1971 1123 2046 defensionem,
1201 1968 1727 2049 judiciorumque
1794 1971 2271 2041 auctoritatem,

610 2061 1085 2122 ionestissimos
1127 2067 1189 2122 et
1219 2063 1675 2142 integerrimos
1703 2062 2276 2139 diligentissimos-

610 2153 850 2224 :edere3
908 2158 1041 2227 aut,
1072 2154 1126 2212 si
1167 2170 1247 2214 ne
1283 2153 1407 2213 hoc
1439 2154 1705 2230 quidem
1735 2151 2043 2229 prodesse
2083 2156 2273 2229 pote—

610 2245 791 2304 ›fecto
836 2242 1016 2303 nulla
1058 2260 1347 2320 unquam
1380 2244 1703 2304 medicina
1749 2243 1852 2302 his
1886 2246 1977 2301 tot
2021 2242 2272 2300 incom-

610 2335 617 2366 ¹'
648 2334 1023 2412 reperietur.
1065 2335 1163 2392 71.
1205 2332 1392 2398 Nulla
1421 2333 1713 2406 salusrei
1753 2331 2025 2410 publicae
2057 2331 2275 2407 major

610 2440 704 2482 am
733 2440 869 2495 905,
915 2424 1026 2500 qui
1072 2424 1347 2483 alterum
1386 2427 1713 2495 accusant,
1766 2439 1897 2481 non
1935 2421 2151 2480 minus
2186 2421 2270 2480 de

610 2513 670 2572 19
703 2513 974 2584 honore,
1006 2512 1081 2573 de
1115 2513 1288 2573 fama
1315 2530 1456 2582 sua,
1488 2529 1684 2589 quam
1717 2511 1886 2585 illos,
1935 2511 2045 2588 qui
2080 2528 2272 2570 accu—

693 2600 769 2661 de
837 2602 1045 2680 capite
1100 2618 1171 2661 ac
1243 2602 1523 2662 fortunis
1584 2602 1721 2661 suis
1779 2600 2264 2678 pertimescere.
2335 2610 2344 2620 “

610 2761 847 2814 frio-anus,
884 2760 1045 2814 Scipio
1074 2760 1255 2802 Africa·
1364 2760 1574 2815 possible
1600 2760 1713 2802 d'un
1733 2758 2107 2802 contradicteur.

610 2825 657 2863 tr,
698 2812 771 2855 fils
808 2813 865 2856 de
913 2812 1035 2856 Paul
1078 2814 1250 2864 Emile,
1411 2814 1456 2857 4.
1485 2812 1802 2857 Assdilitatem.
1837 2813 1953 2855 Voir
1982 2823 2031 2866 p.
2063 2811 2132 2853 19.

610 2878 655 2909 ar
693 2868 749 2911 Ρ.
778 2866 1028 2909 Cornelius
1075 2866 1249 2921 Scipio,
1409 2868 1456 2911 5.
1482 2866 1679 2907 Honoris
1700 2866 1982 2921 amplissimi.
2014 2866 2078 2908 Le
2098 2876 2270 2907 consu-

610 2922 681 2974 pio
702 2920 957 2963 Africanus
977 2922 1149 2974 major.
1180 2921 1253 2963 fut
1360 2922 1427 2964 lat
1449 2933 1509 2963 au
1545 2921 1624 2963 uel
1646 2932 1708 2963 on
1726 2931 1786 2964 ne
1807 2919 2028 2974 parvient
2048 2918 2268 2973 qu'apri·s

610 2975 755 3016 ndant
802 2974 849 3016 la
886 2984 1059 3028 guerre
1088 2978 1251 3018 contre
1357 2975 1521 3019 l'edilit
1578 2975 1744 3018 curule
1761 2978 1806 3017 et
1831 2974 1877 3015 la
1897 2970 2104 3026 preture.

627 3038 686 3071 en
720 3025 815 3077 147,
870 3032 915 3070 et
952 3028 1159 3081 pendant
1204 3029 1253 3070 la
1411 3028 1451 3071 6.
1479 3028 1712 3081 Cor-ruptis
1739 3031 1783 3069 et
1821 3025 2158 3067 contaminatis.
2199 3026 2269 3068 La

610 3084 699 3124 itre
721 3083 985 3125 Numance.
1010 3081 1179 3131 911134,
1206 3083 1252 3125 et
1358 3078 1580 3125 sincerite
1613 3082 1668 3123 de
1700 3082 1747 3124 la
1782 3080 1950 3135 Justice
1977 3081 2046 3122 est
2073 3090 2266 3119 corrom-

610 3147 631 3177 n
670 3134 768 3178 142.
798 3135 913 3177 Voir
944 3135 1051 3188 plus
1077 3136 1176 3178 loin
1206 3135 1249 3178 le
1351 3150 1440 3190 pue
1475 3135 1503 3177 a
1531 3146 1672 3192 cause
1717 3136 1773 3178 de
1802 3134 2002 3187 l'argent
2035 3142 2144 3193 ‚que
2195 3132 2265 3175 les

610 3201 750 3230 [xvm
793 3188 855 3230 du
903 3188 995 3229 Pro
1029 3188 1244 3231 Murena.
1355 3192 1493 3244 juges
1507 3190 1771 3242 recoivent3
1793 3185 2265 3229 contamineeacausc

610 3253 633 3284 9
663 3243 892 3290 Maxime,
927 3243 1064 3293 VIII,
1108 3256 1144 3291 1,
1171 3242 1244 3285 11.
1357 3244 1412 3286 de
1437 3241 1701 3295 l'indignite
1731 3242 1788 3284 de
1817 3251 1896 3283 ces
1922 3241 2075 3295 iuges.

612 3301 743 3338 etam.
773 3296 827 3337 L.
850 3296 1073 3338 Aurelius
1102 3298 1247 3345 Cotta,
1408 3296 1452 3339 7.
1485 3295 1719 3337 Medicina
1755 3295 1822 3335 his
1855 3297 1919 3335 tot
1948 3291 2258 3338 incommodis.

610 3349 720 3400 ,ll-4,
758 3349 907 3399 avait,
939 3361 1123 3393 comme
1149 3361 1251 3392 ora·
1355 3350 1553 3393 Ciceron
1594 3349 1798 3402 emploie
1839 3349 2040 3390 souvent
2067 3345 2255 3396 mederi,

631 3403 688 3444 de
718 3404 935 3458 pratique
977 3406 1022 3445 et
1060 3402 1117 3445 de
1143 3415 1251 3445 rou·
1352 3403 1586 3451 medicina,
1618 3401 1874 3447 remedium.
1901 3401 2020 3443 dans
2039 3410 2091 3441 ce
2123 3409 2255 3449 sens,

612 3467 635 3499 e
656 3458 894 3505 talent;ce
915 3456 1076 3499 n’etait
1101 3457 1247 3510 qu'un
1353 3457 1425 3499 Cf.
1474 3457 1566 3497 Pro
1622 3456 1782 3497 Roscio
1834 3455 2063 3500 Amerino,
2116 3464 2253 3501 xmv,

610 3521 628 3551 ι·
648 3523 691 3557 >),
714 3511 780 3553 dit
809 3510 1006 3553 Ciceron
1031 3510 1236 3566 (Brutus,
1353 3510 1456 3560 128;
1515 3510 1608 3550 Pro
1643 3510 1738 3562 1999
1800 3508 2017 3554 Manilia,
2062 3517 2131 3556 ῙΧ,
2163 3506 2218 3549 26
2248 3522 2258 3547 :

1354 3564 1404 3605 L.
1429 3562 1692 3605 Lucullus...
1718 3564 1773 3603 iis
1788 3558 2067 3603 incommodis
2092 3560 2262 3601 mederi

625 3616 709 3656 sibi
740 3618 821 3658 iste
840 3618 967 3659 vult?
995 3617 1242 3672 Objection
1351 3619 1546 3672 fortasse
1560 3618 1800 3672 potuisset.
