2570 4026
661 330 775 396 ιΕςΝ
807 325 1089 371 mscouns
1133 325 1245 395 sun
1289 326 1361 368 LA
1404 326 1498 369 Lo1
1539 327 1804 373 Acamas
2071 314 2183 373 0281

271 462 462 522 liceat
507 466 731 522 contra
777 478 894 521 vos
941 461 1006 519 in
1045 458 1349 519 contione
1393 460 1780 533 consistere3
1826 464 2186 539 praesertim

271 555 420 611 cum
464 552 624 611 mihi
672 551 1096 611 deliberatum
1138 550 1202 607 et
1243 548 1671 608 constitutum
1715 550 1800 610 sit
1838 552 1924 611 ita
1956 569 2188 629 gerere

270 642 702 714 consulatum,
759 647 885 716 quo
931 655 1061 698 uno
1108 636 1306 697 modo
1350 638 1487 714 geri
1534 639 1813 716 graviter
1864 645 1926 700 et
1983 641 2185 702 libero

211 783 222 792 .
267 734 505 807 potest,
540 734 610 790 ut
644 746 856 805 neque
882 727 1284 805 provinciam
1308 728 1349 800 ¹,
1374 743 1583 803 neque
1610 728 1950 804 honorem,
1974 747 2184 808 neque

270 823 727 896 ornamentum
756 819 778 852 2
828 816 1092 894 aliquod
1133 821 1243 876 aut
1292 816 1745 892 commodum,
1795 835 2002 895 neque
2046 837 2184 898 rem

268 908 469 978 ullam
511 925 652 984 quae
692 926 728 967 a
770 907 1029 966 tribuno
1071 903 1280 982 plebis
1330 902 1632 982 impediri
1673 906 1899 982 possit,
1945 907 2188 985 appeti·

267 997 450 1057 turus
488 998 637 1057 sim.
676 997 778 1056 26.
826 996 991 1055 Dicit
1030 993 1562 1070 frequentissimo
1608 996 1882 1054 senatu³
1930 998 2180 1069 consul,

265 1085 532 1156 Kalend.
569 1086 892 1145 Januariis
934 1100 1099 1154 sese,
1149 1083 1203 1142 si
1245 1087 1452 1142 status
1483 1081 1589 1143 hic
1616 1082 1708 1142 rei
1748 1084 2022 1161 publicae
2048 1104 2186 1145 ma-

263 1180 449 1256 neat„
466 1193 674 1253 neque
708 1174 880 1235 aliud
917 1173 1294 1250 negotium*
1324 1172 1662 1244 exstiterit,
1699 1174 1872 1250 quod
1911 1174 2183 1235 honesto

266 1264 710 1341 subterfugere
740 1280 872 1323 non
907 1262 1134 1341 possit,
1170 1263 1238 1320 in
1276 1261 1676 1338 provinciam
1697 1264 1716 1296 ⁵
1746 1279 1880 1322 non
1914 1262 2177 1324 iturum.

266 1351 370 1434 Sic
395 1370 501 1413 me
545 1354 612 1413 in
660 1354 787 1413 hoc
831 1352 1213 1430 magistratu
1256 1367 1501 1427 geram,
1547 1354 1760 1427 patres
1807 1353 2178 1430 conscripti,

264 1449 337 1508 ut
383 1444 634 1521 possim
664 1443 1000 1503 tribunum
1033 1441 1239 1518 plebis
1278 1440 1372 1500 rei
1414 1438 1689 1517 publicae
1729 1440 1962 1501 iratum
2002 1459 2182 1505 coer-

264 1550 441 1607 cere;
475 1533 636 1592 mihi
663 1534 921 1605 iratum,
955 1534 1392 1591 contemnere.

276 1680 282 1686 ’
343 1668 446 1726 ΙΧ.
502 1667 707 1738 Quam
762 1667 843 1726 ob
880 1684 1043 1739 rem,-
1088 1682 1202 1742 per
1237 1663 1394 1725 dens
1427 1665 1853 1735 immortaleS,
1898 1665 2182 1744 colligite

262 1775 399 1829 VOS,
437 1756 680 1817 tribuni
733 1756 976 1833 plebis;
1019 1755 1298 1814 deserite
1335 1771 1448 1815 eos
1497 1772 1533 1814 a
1573 1755 1831 1832 quibuS,
1864 1756 1990 1815 nisi
2031 1773 2180 1833 pro-

264 1846 539 1923 spicitis,
564 1845 743 1906 brevi
770 1851 1064 1921 tempore
1088 1843 1502 1911 deseremini.
1523 1844 1898 1921 conspirate
1918 1845 1940 1879 ὃ
1959 1845 2180 1905 nobis-

263 1951 448 2007 cum3
493 1933 853 1994 consentite
900 1950 1048 1993 cum
1080 1932 1302 2005 bonis;
1341 1948 1760 1992 communem
1796 1950 1934 1992 rem
1966 1935 2180 2011 publi-

264 2041 409 2085 cam
456 2025 791 2084 communi
838 2024 1053 2083 studio
1097 2027 1289 2100 atque
1331 2039 1551 2082 amore
1597 2022 1942 2083 defendite.
1989 2025 2182 2086 Multa

263 2117 412 2174 sunt
446 2113 699 2173 occulta
739 2113 831 2172 rei
865 2113 1135 2190 publicae
1169 2112 1494 2185 vulnera⁷‚
1538 2112 1744 2173 multa
1781 2112 2178 2173 nefariorum

263 2204 504 2263 civium
550 2203 913 2280 perniciosa
957 2202 1250 2263 consilia.
1300 2202 1559 2262 Nullum
1618 2205 1955 2277 externum
2007 2204 2180 2280 peri-

263 2292 485 2352 culum
517 2296 615 2352 est
648 2309 661 2352 :
696 2310 828 2351 non
866 2308 1003 2364 rex,
1037 2309 1171 2351 non
1207 2309 1367 2368 gens
1408 2292 1558 2363 ulla,
1605 2308 1736 2350 non
1782 2291 1956 2351 natio
1991 2292 2179 2369 perli-

263 2383 618 2442 mescenda
658 2386 785 2454 est3
835 2381 1162 2441 inclusum
1201 2382 1476 2454 malum,
1517 2380 1900 2440 intestinum
1948 2397 2022 2441 66
2061 2379 2193 2463 do-¹

295 2561 354 2602 ·1.
395 2559 699 2602 Provinciam.
753 2559 843 2601 Les
918 2561 1169 2613 provinces
1271 2571 1445 2614 guerre
1466 2561 1547 2614 qui
1579 2556 1907 2602 necessitcrait
1937 2561 1980 2602 le
2014 2558 2181 2613 depart

263 2614 564 2656 consulaires
590 2609 766 2656 etaient
783 2609 1071 2667 legalement
1095 2614 1171 2656 de·
1269 2614 1411 2657 d'une
1438 2610 1596 2656 armee
1620 2613 1909 2656 consuiaire.

262 2664 459 2709 cernees
484 2676 571 2720 par
592 2667 633 2709 16
658 2663 825 2709 Senot:
850 2668 975 2717 mais
997 2668 1065 2710 les
1092 2670 1169 2711 tri-
1322 2671 1362 2708 5.
1394 2666 1693 2708 Provinciam.
1734 2666 1932 2709 ciceron
1963 2667 2053 2710 tint
2099 2678 2178 2721 pa-

263 2720 453 2762 bunsde
472 2721 520 2762 16
541 2719 675 2774 plebe
697 2720 1042 2774 interposaient
1064 2733 1169 2765 sou·
1269 2722 1397 2770 r01e;
1422 2720 1448 2763 l'
1482 2737 1500 2757 «
1525 2721 1688 2763 Oratio
1732 2731 1840 2763 cum
1880 2720 2177 2774 provinciam

261 2776 373 2816 vent
400 2773 506 2816 leur
529 2771 733 2817 autorite
750 2784 869 2828 pour
894 2774 1015 2816 faire
1038 2776 1168 2818 attri-
1271 2775 1320 2816 in
1341 2776 1560 2817 contione
1595 2773 1812 2828 deposuit
1837 2788 1860 2816 »
1895 2774 2177 2818 abandonne

262 2828 378 2869 buer
421 2837 482 2869 ou
526 2828 777 2881 empecher
807 2826 947 2881 qu'on
986 2828 1167 2872 n'attri-
1269 2827 1298 2869 6
1324 2828 1527 2871 Antoine
1548 2827 1595 2869 16
1614 2826 1892 2871 Macedoine
1917 2827 2066 2871 echue
2093 2838 2178 2882 par

263 2882 376 2923 built
402 2879 430 2922 6
474 2892 539 2923 un
588 2881 755 2924 consul
802 2892 896 2924 une
943 2882 1167 2936 province
1268 2881 1314 2925 16
1335 2884 1433 2925 sort
1451 2880 1480 2923 6
1498 2880 1731 2923 ciceron.
1759 2882 1873 2923 Voir
1893 2892 1936 2935 p.
1957 2882 2025 2923 29.

262 2937 611 2989 avantageuse.
1321 2937 1360 2977 6.
1386 2934 1662 2987 Conspirate.
1687 2935 1746 2978 Ce
1780 2937 1879 2977 mot
1915 2936 1987 2978 est
2011 2936 2089 2985 ici,
2121 2945 2174 2978 ce

283 2988 358 3030 ·2.
399 2987 739 3038 Ornamentum,
772 2990 869 3031 mot
911 2988 1023 3031 d'un
1057 3000 1167 3033 sens
1270 2989 1352 3042 qui
1393 2990 1464 3033 est
1510 2998 1643 3031 assez
1673 2998 1795 3036 rare,
1853 2987 2066 3042 emplove
2114 2999 2174 3033 en

262 3039 356 3083 tres
388 3039 577 3095 general
609 3044 689 3096 qui
716 3042 915 3096 indique
945 3044 1072 3087 toute
1095 3053 1167 3085 es·
1266 3043 1423 3085 bonne
1508 3043 1599 3084 art.
1668 3042 1740 3084 Cf.
1795 3040 1946 3095 Epist.
1986 3033 2150 3084 Famzl.

261 3092 374 3147 pece
422 3093 725 3139 d'honneurs.
773 3096 843 3139 Cf.
873 3094 966 3136 Pro
1007 3096 1164 3143 Balbo,
1267 3097 1328 3144 X,
1361 3107 1442 3145 xn,
1469 3052 1503 3138 X
1516 3109 1525 3134 z
1550 3094 1828 3136 Mirabiliter
1856 3095 1970 3137 enim
1987 3095 2179 3149 populus

259 3152 357 3195 ΧΠ,
375 3145 427 3190 43
449 3160 459 3187 t
486 3147 650 3190 Omitto
691 3149 872 3203 quantis
896 3149 1169 3191 ornamentis
1268 3148 1494 3190 Romanus
1513 3148 1741 3189 universus
1771 3152 1815 3189 et
1829 3149 2018 3189 omnium
2047 3161 2177 3199 ‹zene-

253 3200 464 3254 populum
488 3201 619 3242 istum
643 3201 697 3244 C.
720 3203 869 3245 Gaesar
887 3202 1109 3257 affecerit.
1269 3214 1363 3242 rum
1384 3201 1670 3254 ordinumque
1693 3212 1959 3245 consensus
1989 3192 2053 3243 ad
2072 3202 2179 3245 libe-

312 3256 350 3295 3.
374 3252 753 3307 Frequentissimo
767 3260 945 3298 senatu.
970 3256 1171 3309 Expres-
1269 3252 1463 3296 randum
1482 3266 1573 3296 rem
1598 3255 1821 3307 publicam
1859 3255 2172 3309 conspiravit.

261 3307 368 3370 sion
402 3305 657 3351 consacree
711 3320 831 3364 pour
861 3309 963 3352 dire
1001 3319 1093 3362 que
1125 3308 1169 3351 le
1271 3308 1605 3361 L’expression
1625 3308 1958 3352 estredoublee
1982 3310 2179 3361 (consen-

261 3361 408 3403 Senat
430 3363 500 3403 est
515 3371 577 3404 au
598 3363 816 3414 complet.
846 3363 924 3404 Cf.
950 3361 1167 3415 Philipp..
1270 3362 1351 3408 tio,
1375 3361 1598 3414 conspiro)
1619 3361 1740 3404 dans
1762 3363 1808 3404 16
1829 3362 1965 3406 lettre
1990 3373 2176 3407 comme

261 3415 326 3465 11,
349 3425 551 3464 xxxvm,
572 3413 625 3457 99
648 3429 657 3456 :
683 3414 1063 3470 Frequentissimo
1095 3427 1169 3457 se·
1268 3416 1390 3458 dans
1411 3414 1455 3457 le
1480 3414 1715 3457 discours.

261 3471 387 3516 natu,
411 3465 631 3509 Kalendis
655 3467 910 3510 Ianuariis.
941 3491 995 3501 —
1017 3468 1073 3509 In
1093 3467 1169 3508 Pi·
1321 3467 1360 3511 7.
1389 3467 1596 3511 Vulnera.
1639 3468 1708 3510 Cf.
1744 3467 1808 3509 De
1854 3467 2056 3517 Finibus,
2092 3469 2175 3513 IV.

261 3530 429 3570 wnem,
462 3531 533 3568 ΠΙ,
564 3522 611 3566 6.
1267 3533 1398 3571 xxiv,
1420 3522 1474 3563 66
1501 3534 1510 3560 :
1541 3518 1641 3569 Ouae
1686 3520 1755 3561 hic
1784 3521 1851 3562 rei
1876 3519 2062 3582 publicae
2090 3520 2178 3560 vul·

313 3571 357 3616 4.
391 3570 651 3626 Neootium.
683 3575 776 3618 Par
809 3573 1040 3629 exemple,
1072 3584 1166 3624 une
1265 3586 1378 3617 nera
1399 3572 1664 3627 imponebat,
1697 3571 1849 3615 eadem
1868 3571 1944 3614 vlle
1968 3572 2175 3622 sanabat,

1801 3663 1887 3716 16.
