2570 4026
622 279 670 341 L'
708 305 736 335 «
767 297 938 341 Acrlo
983 295 1252 343 SECUNDA
1296 296 1357 340 IN
1400 297 1453 340 6.
1508 298 1812 340 VERREM»

249 432 543 496 hiemare,
579 430 849 500 Hercule,
881 430 940 485 la
979 431 1134 485 Mere
1184 430 1263 485 du
1314 429 1620 496 Mont-lda‚
1670 430 1893 497 Castor,
1942 429 1975 483 F

252 512 448 580 CereS,
482 512 858 583 Proserpine,
890 517 1086 567 toules
1103 512 1190 567 les
1214 511 1497 567 divinites
1520 512 1620 581 qui
1651 515 1752 565 ont
1778 526 1851 566 eu
1881 510 1915 565 ὲ
1940 528 1975 564 s<

253 594 354 649 des
394 594 818 666 depredatione
869 593 942 648 de
971 593 1202 648 Verres,
1232 593 1437 647 Puisse
1473 608 1537 647 66
1569 591 1777 647 handit
1819 608 1975 647 rece*

258 675 583 731 chatiment
612 675 824 731 merite
868 692 976 746 par
1021 689 1085 730 sa
1131 674 1532 737 sceleratesse,
1568 691 1674 729 son
1705 673 1975 745 impuder

257 756 527 827 perfidie,
573 773 665 811 ses
708 756 1062 825 debaucheS‚
1115 772 1224 811 son
1265 755 1506 822 avidite,
1540 772 1605 810 sa
1644 755 1915 812 cruautel
1971 756 1975 806 J

258 834 650 893 l'accusateur
675 837 747 893 de
780 836 990 892 Verres
1031 853 1092 891 se
1121 852 1435 891 consecrer
1462 835 1788 890 desormais
1812 834 1917 890 ela
1937 834 1974 889 d

257 916 358 972 des
402 918 551 972 bons
600 917 864 988 citoyens
896 934 971 973 au
1004 915 1128 972 lieu
1153 916 1337 972 d'etre
1371 916 1532 970 force
1571 932 1680 987 par
1715 933 1779 971 sa
1827 932 1975 970 cons«

259 997 563 1053 d'accuser
591 998 678 1054 les
708 998 1047 1053 mechants!

743 1215 842 1270 Le
883 1211 1214 1282 supplice
1253 1212 1345 1268 de
1384 1210 1688 1269 Gavius.

338 1401 489 1462 LXI.
525 1401 664 1459 158.
700 1402 859 1459 Nam
894 1399 1050 1476 quid
1077 1417 1196 1478 ego
1224 1399 1303 1460 de
1336 1401 1401 1458 P.
1433 1399 1656 1474 Gavio,
1692 1401 1975 1459 Consanc

257 1491 470 1567 nicipe
498 1496 538 1565 ¹,
592 1490 830 1562 dicam,
873 1488 1155 1566 judiceS‚
1191 1494 1302 1548 aut
1333 1506 1459 1566 qua
1490 1489 1553 1547 vi
1583 1490 1787 1561 vociS,
1823 1505 1949 1566 qua

258 1584 386 1640 tate
443 1579 817 1652 verborum,
871 1595 999 1655 quo
1059 1578 1279 1638 dolore
1344 1578 1547 1637 animi
1604 1578 1857 1638 dicam?
1917 1581 1975 1637 ta

259 1669 442 1729 dolor
472 1685 576 1729 me
603 1686 736 1728 non
764 1666 1010 1740 deficit3
1043 1671 1114 1727 ut
1143 1672 1360 1727 cetera
1388 1666 1549 1726 mihi
1582 1667 1649 1725 in
1679 1665 1952 1727 dicendo

259 1776 347 1833 re,
404 1757 598 1837 digna
643 1757 864 1818 dolore
911 1774 1062 1817 meo
1109 1760 1478 1835 suppetant,
1513 1756 1721 1832 magis
1752 1756 1975 1815 labora·

259 1851 376 1907 est.
409 1845 591 1917 Quod
624 1846 874 1905 crimen
901 1845 1044 1923 ejus
1075 1843 1257 1905 modi
1295 1846 1414 1917 est,
1459 1848 1552 1918 ut,
1600 1861 1749 1904 cum
1781 1844 1975 1920 primi

257 1953 360 1995 me
393 1935 679 1996 delatum
715 1937 811 1995 es't
834 1935 880 2006 ²,
914 1951 1190 1994 usurum
1225 1951 1332 1995 me
1371 1933 1485 1993 illo
1526 1950 1659 1993 non
1696 1936 1975 2009 putarerr

255 2023 449 2086 metsi
508 2025 683 2085 enim
738 2024 1156 2086 verissimum
1225 2042 1369 2084 esse
1427 2023 1901 2101 intellegebam,
1961 2028 1975 2083 ί

255 2113 559 2177 credibile
610 2113 748 2176 fore
787 2131 920 2174 non
960 2113 1337 2174 arbitrabar.
1384 2114 1659 2174 Coactus
1703 2113 1975 2172 lacrimis

255 2206 436 2266 nium
470 2202 712 2266 civium
745 2203 1208 2275 Romanorum,
1240 2204 1350 2280 qui
1390 2203 1456 2262 in
1487 2202 1705 2262 Sicilia
1735 2202 1975 2279 negotii

255 2292 574 2356 adductus
604 2292 1122 2366 Valentinorum,
1155 2292 1499 2351 hominum
1524 2291 1975 2352 honestissim‹

255 2385 681 2461 omniumque
709 2383 1106 2460 Reginorum
1129 2383 1173 2453 ³,
1203 2383 1695 2458 multorumque
1729 2380 1975 2458 equitui

254 2491 624 2546 manorum,
649 2472 760 2549 qui
783 2489 935 2533 casu
964 2476 1101 2532 tum
1120 2473 1433 2532 Messanae
1457 2471 1741 2543 fuerunt,
1759 2470 1975 2531 testim

255 2562 402 2624 dedi
452 2565 706 2623 tantum
747 2562 964 2639 priore
1005 2561 1260 2621 actione
1304 2560 1597 2634 testium,
1649 2577 1755 2621 res
1804 2563 1878 2618 ut
1924 2577 1975 2618 n‹

257 2650 451 2713 dubia
491 2668 633 2712 esse
676 2656 920 2730 posset.
967 2650 1106 2710 159.
1143 2650 1311 2721 Quid
1354 2667 1529 2710 nunc
1574 2649 1803 2728 agam?
1843 2667 1975 2709 cun

254 2747 347 2803 tot
374 2742 570 2802 horas
600 2741 679 2802 de
709 2758 842 2801 uno
876 2757 1131 2819 genere,
1173 2757 1248 2799 ac
1285 2739 1363 2800 de
1396 2739 1585 2799 istius
1615 2738 1860 2799 nefaria
1891 2756 1975 2798 cri

255 2835 379 2893 tate
421 2822 656 2906 dicam,
693 2848 844 2891 cum
892 2848 1091 2909 prope
1143 2846 1406 2890 omnem
1451 2828 1583 2889 vim
1631 2828 1975 2889 verborum

257 2919 455 2994 modi,
502 2938 641 2998 quae
686 2917 931 2981 scelere
983 2919 1173 2980 istius
1219 2914 1411 2996 digna
1462 2918 1614 2992 sint,
1662 2918 1807 2978 aliis
1863 2918 1928 2977 in

258 3006 802 3088 consumpserim,
851 3027 1064 3086 neque
1111 3010 1234 3069 hoc
1277 3006 1695 3085 providerim,
1750 3011 1819 3067 ut
1866 3025 1975 3066 var

256 3099 606 3160 criminum
636 3117 753 3160 vos
785 3103 1068 3160 attentos
1100 3102 1416 3172 tenerem,
1448 3115 1642 3174 quem
1678 3096 1757 3156 ad
1786 3097 1975 3156 modt

308 3256 348 3302 l.
373 3258 579 3300 Consano
601 3257 830 3322 numice'pe.
853 3258 1022 3312 Consa,
1042 3259 1159 3301 ville
1322 3257 1362 3301 3.
1426 3256 1808 3299 Valentinorum...
1881 3256 1974 3310 Rey

261 3311 322 3354 du
367 3313 633 3362 Samnium,
674 3312 790 3355 etant
840 3323 906 3355 un
944 3312 1161 3364 municipe
1271 3310 1361 3354 Les
1382 3311 1625 3354 habitants
1644 3311 1701 3351 de
1724 3311 1965 3358 Valentia,

261 3366 374 3409 dont
394 3367 462 3408 les
483 3366 724 3409 habitante
745 3367 937 3408 avaient
959 3365 1085 3408 droit
1104 3365 1162 3408 de
1272 3365 1534 3413 Bruttium,
1562 3366 1606 3406 et
1627 3364 1683 3406 de
1715 3363 1940 3419 Regium,

264 3418 354 3462 cite
379 3418 615 3469 romaine,
659 3419 689 3462 ὁ,
729 3421 964 3463 certaines
1002 3418 1164 3462 condi·
1276 3416 1367 3460 sud
1406 3418 1462 3459 de
1503 3417 1689 3465 l'Italie,
1721 3429 1805 3459 sur
1835 3417 1877 3460 le
1922 3417 1975 3459 de

269 3475 411 3516 lions,
1281 3473 1511 3515 Messine.
1538 3471 1739 3525 Regium
1772 3472 1900 3513 avait
1934 3472 1975 3513 ol

311 3525 361 3570 2.
387 3526 594 3569 Delatwn
627 3530 715 3567 est.
774 3525 888 3569 Voir
928 3526 974 3569 la
1014 3527 1121 3569 nole
1145 3527 1171 3570 4
1281 3525 1407 3567 droit
1426 3524 1483 3567 de
1500 3523 1590 3567 cite
1603 3535 1662 3566 en
1684 3526 1820 3567 vei-tu
1837 3524 1957 3567 dela

265 3580 323 3624 de
343 3574 392 3623 la
407 3590 524 3634 page
540 3577 643 3623 102.
1281 3577 1336 3620 ale
1356 3578 1536 3619 cio-itate
1552 3576 1768 3619 sociorum
1794 3577 1863 3632 (90
1893 3588 1973 3621 av.

2140 217 2191 338 eae-
