2570 4026
604 295 657 355 ι’
695 316 724 348 «
758 312 927 355 ΑοΤῙο
971 311 1243 357 SECUNDA
1287 313 1347 355 ῙΝ
1390 314 1441 357 c.
1490 312 1739 355 VERREM
1771 319 1799 349 »
2045 295 2166 356 205

246 464 388 507 rum
418 446 696 518 ratione,
723 448 786 505 et
809 462 846 506 a
871 437 1196 507 cotidiana
1215 446 1471 508 dicendi
1499 445 1964 507 consuetudine
1989 446 2006 478 ¹
2024 461 2167 505 esse

246 535 562 597 videatur.
597 537 732 594 Hoc
772 534 1143 607 dicofhanc
1180 535 1392 613 ipsam
1423 537 1753 608 Cererem,
1799 533 2171 611 antiquissi-

248 642 442 697 mam,
468 622 1060 703 religiosissimam,
1081 622 1445 702 principem
1476 624 1773 685 omnium
1804 639 2165 697 sacrorum,

251 731 385 791 quae
407 713 579 791 apud
612 725 841 774 omnes
863 717 1088 790 gentes
1119 714 1548 792 nationesque
1580 714 1763 785 fiunt,
1801 723 1840 772 a·
1879 712 1943 772 C.
1972 713 2168 772 Verre

250 819 325 863 ex
348 802 486 863 suis
519 802 780 879 templis
813 819 884 862 ac
921 802 1186 862 sedibus
1218 820 1362 863 esse
1396 803 1741 862 sublatam.
1787 801 1905 872 Qui
1947 817 2169 861 acces-

247 892 424 953 sistis
489 894 807 963 Hennam,
872 891 1128 952 vidistis
1173 893 1600 953 simulacrum
1651 890 1903 952 Cereris
1931 907 1963 949 e
1996 907 2168 949 mar-

244 997 447 1053 more,
477 983 540 1040 et
569 979 637 1038 in
667 979 867 1040 altero
893 980 1160 1058 temp10,
1195 981 1458 1041 Liberae.
1515 979 1677 1040 Sunt
1722 997 1796 1039 ea
1831 978 2167 1057 perampla

247 1074 434 1147 atque
462 1068 790 1148 praeclara,
813 1069 925 1129 sed
951 1086 1084 1129 non
1112 1069 1200 1131 ita
1225 1070 1509 1148 antiqua.
1548 1068 1644 1128 Ex
1668 1087 1792 1129 aere
1814 1067 1938 1146 fuit
1966 1067 2168 1146 quod-

247 1158 391 1220 dam
447 1157 707 1219 modica
747 1157 1196 1236 amplitudine,
1252 1177 1327 1220 ac
1381 1158 1694 1238 singulari
1739 1175 1955 1236 opere,
2017 1174 2165 1217 cum

246 1248 519 1321 facibus,
538 1247 1023 1325 perantiquum,
1042 1249 1340 1308 omnium
1363 1248 1645 1321 illorum,
1663 1265 1804 1326 quae
1826 1249 1977 1308 sunt
2000 1245 2067 1305 in
2089 1262 2165 1306 eo

242 1337 415 1410 fano,
459 1338 668 1397 multo
706 1337 1260 1414 antiquissimum.
1302 1337 1371 1397 Id
1412 1336 1676 1398 sustulit
1715 1354 1788 1397 ac
1833 1340 2054 1397 tamen
2089 1351 2166 1395 eo

252 1425 590 1488 contentus
610 1425 906 1486 nonfuit.
939 1427 1077 1486 110.
1105 1426 1263 1486 Ante
1297 1426 1503 1486 aedem
1535 1424 1809 1499 CereriS,
1846 1426 1912 1485 in
1944 1426 2166 1502 aperto

250 1532 318 1575 ac
343 1515 686 1594 propatulo
717 1516 884 1588 loco,
922 1516 1107 1592 signa
1128 1515 1254 1575 duo
1278 1519 1449 1587 sunt,
1478 1515 1728 1577 Cereris
1749 1533 1977 1587 unum,
2012 1514 2165 1573 alte-

244 1621 387 1665 rum
419 1605 797 1682 Triptolemi
817 1604 860 1674 ²,
897 1604 1358 1681 pulcherrima,
1391 1623 1463 1665 ac
1494 1604 1845 1682 perampla.
1876 1604 1988 1664 His
2021 1600 2167 1680 pul-

253 1692 547 1754 chritudo
578 1693 892 1770 pericuIO,
928 1693 1288 1770 amplitudo
1324 1693 1514 1754 saluti
1545 1693 1688 1766 fuit,
1734 1693 1908 1773 quod
1940 1708 2165 1753 eorum

250 1781 585 1842 demolitio
613 1786 802 1860 atque
834 1783 1186 1861 asportatio
1212 1782 1619 1862 perdifficilis
1663 1783 2026 1845 videbatur.
2068 1781 2164 1840 In-

249 1871 519 1932 sistebat
545 1872 613 1930 in
632 1889 832 1931 manu
861 1872 1108 1932 Cereris
1144 1872 1371 1934 dextra
1405 1872 1828 1933 simulacrum
1866 1871 2166 1950 pulcher-

246 1959 404 2021 rime
434 1960 676 2023 factum
707 1961 1042 2035 Victoriae3
1080 1962 1203 2023 hoc
1247 1963 1370 2024 iste
1415 1980 1448 2024 e
1489 1962 1674 2038 signo
1708 1962 1955 2025 Cereris
1990 1960 2165 2021 avel-

245 2050 532 2122 lendum,
575 2051 1171 2128 asportandumque
1208 2053 1479 2112 curavit.

322 2168 389 2227 L.
423 2167 544 2239 Qui
581 2167 843 2228 tandem
891 2167 1081 2229 istius
1118 2170 1378 2230 animus
1418 2172 1517 2229 est
1555 2185 1729 2229 nunc
1759 2168 1825 2228 in
1869 2167 2165 2228 recorda-

247 2256 420 2316 tione
455 2256 776 2317 scelerum
813 2274 1106 2331 suorum,
1142 2277 1290 2319 cum
1320 2275 1439 2336 ego
1481 2259 1622 2336 ipse
1658 2259 1726 2319 in
1765 2274 2166 2319 commemo-

246 2346 492 2407 ratione
520 2364 747 2407 eorum
778 2365 912 2407 non
950 2349 1166 2408 solum
1201 2349 1421 2409 animo
1472 2365 1910 2419 commovear,
1938 2364 2165 2408 verum

246 2435 442 2495 etiam
489 2452 757 2513 corpore
804 2437 1344 2512 perhorrescam?
1385 2438 1571 2497 Venit
1602 2438 1776 2497 enirn
1814 2435 1978 2496 mihi
2004 2435 2162 2505 fani,

241 2524 388 2597 loci,
423 2523 760 2602 religionis
793 2524 966 2584 illius
996 2527 1065 2585 in
1104 2530 1427 2600 mentem3
1462 2530 1802 2587 versantur
1838 2529 1982 2586 ante
2013 2542 2166 2585 ocu-

240 2610 337 2673 los
378 2612 649 2673 omnia:
697 2613 838 2674 dies
880 2613 1012 2685 ille,
1056 2631 1183 2692 quo
1227 2632 1378 2675 cum
1432 2632 1552 2691 ego
1619 2616 1911 2676 Hennam
1948 2614 2166 2675 venis-

241 2720 402 2774 sem,
434 2702 674 2780 praesto
709 2702 874 2762 mihi
911 2703 1283 2764 sacerdotes
1330 2704 1578 2765 Cereris
1637 2722 1787 2765 cum
1836 2703 2058 2764 infulis
2093 2721 2166 2763 ac

238 2791 540 2850 verbenis
570 2788 592 2822 ³
625 2785 907 2864 suerunt,
965 2793 1204 2865 conti0,
1236 2797 1724 2872 conventusque
1770 2793 2035 2867 civium,
2098 2793 2166 2853 in

240 2897 365 2957 quo
409 2896 528 2958 ego
578 2897 730 2941 cum
781 2880 1102 2958 loquerer,
1156 2882 1442 2959 gemitus
1462 2883 1632 2946 ,tanti
1680 2882 1997 2960 fletusque
2049 2881 2164 2942 fie-

237 2968 414 3040 bant,
450 2972 521 3028 ut
540 2968 1005 3030 acerbissimus
1039 2974 1174 3030 tota
1192 2971 1352 3031 urbe
1388 2971 1603 3032 luctus
1643 2972 1883 3031 versari
1915 2971 2165 3031 videre-

239 3059 364 3116 tur.
392 3057 530 3116 111.
576 3059 718 3123 Non
752 3058 845 3118 illi
879 3059 1301 3119 decumarum
1341 3060 1635 3138 imperia,
1675 3077 1807 3121 non
1840 3061 2162 3121 bonorum

239 3145 659 3223 direptioneS,
714 3164 847 3208 non
912 3148 1133 3226 iniqua
1171 3148 1437 3226 judicia,
1491 3168 1622 3210 non
1678 3149 2166 3228 importunissi-

240 3250 380 3295 mas
401 3234 594 3294 istius
614 3235 939 3308 libidines,
959 3253 1093 3296 non
1114 3236 1270 3312 vim,
1290 3255 1422 3298 non
1438 3239 1890 3313 contumeliaS,
1921 3240 2163 3317 quibus

299 3421 340 3462 l.
369 3418 712 3463 consuetudine.
751 3420 949 3464 Ciceron
985 3419 1141 3475 repete
1252 3424 1321 3466 sis
1345 3425 1394 3468 et
1438 3426 1689 3470 inventeur
1738 3424 1796 3470 de
1842 3427 1890 3468 la
1935 3426 2159 3476 charrue,

242 3472 289 3515 la
302 3474 453 3517 meme
469 3484 645 3517 excuse
659 3485 719 3518 au
734 3478 1144 3519 commencement
1251 3477 1537 3531 Triptoleme
1578 3480 1653 3523 est
1685 3490 1753 3521 un
1792 3479 1875 3522 des
1898 3480 2042 3522 heros
2068 3480 2152 3533 qui

241 3526 306 3569 du
332 3526 422 3567 Pro
441 3526 612 3568 Archia
627 3528 696 3587 fu,
723 3530 784 3579 3).
1251 3529 1356 3573 font
1370 3532 1520 3585 partie
1540 3531 1603 3574 du
1629 3530 1814 3585 cortege
1836 3533 1892 3574 de
1916 3529 2083 3574 Ceres,

298 3582 346 3622 Q,
376 3579 648 3633 Triptolemo.
666 3581 765 3623 Fils
783 3581 845 3622 du
870 3582 940 3623 roi
962 3580 1142 3625 d'Eleu-
1303 3583 1349 3628 3.
1379 3583 1544 3639 Infulis
1583 3584 1891 3639 (bandelettes
1925 3585 1983 3627 de
2007 3584 2156 3634 latine,

1809 3678 1872 3727 12
