2570 4026
294 226 423 298 ,176
1038 242 1140 285 Lus
1190 243 1486 286 venium-:s

520 450 714 542 ἨΜΘ
771 484 861 540 de
920 449 1462 553 l’accus'ateum
1518 483 1980 554 importance

944 574 1033 630 de
1068 572 1583 632 l’accusation.

381 755 439 812 1.
488 753 791 824 Omnes¹‚
843 753 952 830 qui
1006 752 1307 824 alterum,
1355 752 1640 829 judiceS,
1698 753 1893 812 nullis
1957 749 2223 830 impulsi

304 841 691 914 inimicitiiS,
744 841 924 902 nulla
962 842 1262 920 privatim
1322 842 1458 902 laesi
1519 840 1775 920 injuria,
1824 841 2003 902 nullo
2063 860 2226 919 prae-

301 932 435 991 mio
474 930 754 1004 adducti,
802 931 868 990 in
912 930 1235 1008 judicium
1285 929 1380 991 rei
1417 931 1693 1009 publicae
1727 948 1925 990 causa
1961 936 2217 998 vocant,

300 1020 637 1097 providere
671 1020 927 1092 debent,
972 1038 1100 1079 non
1134 1018 1348 1080 solum
1379 1020 1531 1096 quid
1579 1019 1795 1079 oneris
1838 1019 1907 1078 in
1937 1036 2222 1097 praesen-

300 1110 387 1169 tia
419 1109 669 1182 tollant,
699 1108 812 1170 sed
846 1114 1164 1187 quantum
1197 1108 1262 1168 in
1284 1125 1549 1169 omnem
1585 1109 1780 1168 vitam
1812 1108 2054 1185 negotii
2081 1125 2227 1167 sus·

298 1198 510 1277 cipere
543 1203 880 1258 conentur.
918 1200 1158 1274 Legem
1205 1197 1383 1257 enim
1438 1197 1559 1258 sibi
1606 1198 1733 1276 ipsi
1773 1197 1999 1257 dicunt
2035 1198 2226 1257 inno-

300 1289 548 1360 centiae,
603 1287 1068 1349 continentiae2
1117 1288 1559 1364 virtutumque
1615 1287 1932 1359 omnium,
1991 1288 2101 1363 qui
2144 1287 2226 1346 ab

300 1379 498 1437 altero
530 1375 889 1438 rationem²³
919 1377 1066 1436 vitae
1099 1381 1484 1453 reposcunt3
1529 1380 1719 1452 atque
1770 1393 1845 1436 eo
1890 1377 2118 1454 magiS,
2168 1377 2227 1435 si

301 1467 387 1538 id,
422 1471 492 1526 ut
524 1470 670 1544 ante
713 1465 865 1537 dixi,
921 1466 1167 1525 faciunt
1210 1465 1386 1525 nulla
1428 1482 1496 1524 re
1537 1465 1851 1525 commoti
1895 1466 2040 1537 alia,
2093 1466 2226 1525 nisi

298 1556 571 1616 utilitate
603 1555 959 1615 communi.
1003 1556 1060 1613 02.
1117 1556 1277 1614 Nam
1319 1555 1427 1631 qui
1474 1555 1600 1614 sibi
1638 1555 1762 1614 hoc
1797 1556 2101 1632 sumpsit,
2154 1559 2227 1614 ut

303 1645 582 1722 corrigat
602 1660 820 1704 mores
853 1644 1155 1716 aliorum,
1189 1661 1263 1703 ac
1294 1647 1560 1720 peccata
1586 1643 2038 1720 reprehendat,
2076 1645 2225 1722 quis

305 1734 457 1793 huic
500 1733 816 1812 ignoscat,
865 1734 920 1793 si
962 1750 1087 1810 qua
1135 1733 1202 1792 in
1239 1749 1307 1792 re
1358 1733 1497 1810 ipse
1544 1733 1622 1792 ab
1672 1732 1985 1809 religione
2023 1733 2224 1793 officii

310 1822 695 1883 declinarit?
724 1822 1127 1900 Quapropter
1166 1821 1290 1882 hoc
1323 1822 1517 1881 etiam
1558 1822 1779 1909 magis·
1806 1823 1885 1883 ab
1917 1822 2225 1883 omnibus

309 1914 450 1990 ejus
476 1912 654 1972 modi
683 1912 842 1976 civis
866 1911 1226 1973 laudandus
1257 1928 1332 1971 ac
1349 1911 1713 1988 diligendus
1745 1915 1864 1984 est,
1893 1911 2065 1990 quod
2090 1930 2225 1971 non

303 2002 516 2062 solum
550 2002 629 2062 ab
664 2019 730 2063 re
768 2002 1028 2080 publica
1075 2002 1284 2061 civem
1336 2001 1707 2078 improbum
1754 2007 2064 2075 removet,
2110 2020 2222 2061 ve-

302 2110 447 2151 rum
507 2093 703 2152 etiam
759 2109 827 2151 se
873 2092 1088 2169 ipsum
1157 2090 1299 2167 ejus
1346 2090 1520 2149 modi
1567 2090 1704 2150 fore
1762 2088 2099 2167 profitetur
2148 2109 2222 2150 ac

301 2185 584 2259 praestat,
622 2186 692 2240 ut
723 2181 845 2242 sibi
887 2198 1019 2240 non
1070 2180 1265 2239 modo
1321 2178 1656 2239 communi
1688 2180 2018 2241 voluntate
2047 2182 2068 2215 ⁵
2098 2181 2223 2240 vir-

296 2270 450 2330 tutis
483 2274 673 2347 atque
706 2269 925 2341 officii,
963 2269 1077 2330 sed
1123 2269 1321 2329 etiam
1354 2268 1414 2326 vi
1448 2268 1727 2344 quadam
1764 2270 1971 2348 magis
1996 2287 2224 2347 neces-

302 2360 471 2418 saria
498 2363 670 2419 recte
705 2359 791 2418 sit
819 2358 1226 2434 honesteque
1252 2355 1625 2416 vivendum.

379 2478 435 2534 3.
473 2477 692 2552 ltaque
723 2470 869 2548 hoc,
895 2474 1174 2551 judiceS,
1211 2491 1290 2533 ex
1318 2473 1584 2533 homine
1612 2474 1981 2535 clarissimo
2031 2480 2221 2554 atque
2249 2465 2259 2476 ’
2313 2534 2319 2540 .

305 2564 865 2642 eloquentissimo,
901 2565 968 2623 L.
1005 2564 1233 2623 Crasso
1259 2564 1300 2633 ³⁵,
1352 2579 1522 2639 saepe
1565 2562 1858 2622 auditum
1908 2569 2026 2637 est,
2070 2582 2219 2625 cum

350 2729 394 2767 ’1.
427 2726 606 2768 (nunes.
638 2724 844 2766 Salluste
867 2723 1045 2766 semble
1072 2722 1206 2765 avoir

302 2776 434 2820 imit&
457 2780 529 2820 cet
559 2776 732 2821 exorde
758 2777 879 2819 dans
909 2778 951 2820 le
977 2772 1121 2818 debut
1142 2775 1205 2817 du

301 2833 519 2874 discours
592 2831 671 2873 u'il
720 2831 811 2873 fait
835 2840 1099 2882 prononcer
1121 2839 1207 2882 par

304 2883 447 2927 Cesar
477 2897 537 2927 au
559 2843 705 2929 genat
730 2895 792 2926 au
828 2884 951 2938 sujet
976 2882 1058 2924 des
1085 2892 1208 2924 com-

304 2941 450 2992 plices
504 2938 560 2981 de
616 2937 819 2979 Catilina
870 2936 1054 2989 (Catil.,
1100 2936 1162 2988 ιι)
1194 2948 1204 2975 :

309 2994 467 3033 omnes
501 2991 713 3040 homines,
739 2990 904 3031 Patres
947 2989 1205 3042 conscripti,

300 3047 377 3097 qui
422 3045 475 3084 dv
529 3044 656 3085 rebus
703 3042 849 3084 dubiis
897 3042 1204 3083 consultant...

350 3101 393 3138 ·2.
424 3098 693 3138 lmzocentiae
722 3097 844 3150 (voir
883 3097 928 3138 la
958 3098 1064 3137 note
1094 3097 1121 3136 6
1151 3095 1207 3137 de

301 3153 344 3192 la
378 3162 495 3212 page
535 3149 658 3204 137),
683 3150 983 3191 continentiae.
1017 3149 1092 3192 Un
1120 3159 1208 3202 peu

299 3202 597 3246 dinsa-eumn
622 3214 732 3245 sens
748 3202 1067 3244 dab-§tinentia
1087 3201 1209 3255 (voir

305 3259 345 3298 la
378 3262 484 3299 note
508 3257 535 3299 2
557 3257 615 3298 de
646 3257 827 3310 lapago
847 3254 958 3307 117),
986 3254 1111 3296 celui
1153 3255 1209 3297 de

301 3311 579 3350 continentia
635 3312 707 3352 est
752 3327 770 3346 «
821 3306 1119 3351 moderation
1154 3308 1210 3349 de

302 3363 524 3404 l'homme
550 3364 632 3416 qui
652 3362 746 3404 sait
771 3373 821 3404 se
842 3362 1061 3405 contenit·
1092 3379 1128 3401 υ.

358 3415 401 3457 3.
438 3415 667 3456 Rationem
706 3417 839 3467 (reor,
889 3425 994 3457 com
1033 3414 1132 3467 ter),
1170 3414 1212 3455 le

305 3472 488 3519 compte
516 3480 605 3522 que
644 3469 736 3511 l'on
766 3469 883 3511 rend
908 3469 990 3521 (νει
1010 3467 1130 3521 (lere)
1151 3477 1212 3508 ou

306 3522 442 3575 qu'on
474 3518 677 3564 reclame
701 3521 978 3575 (reposcere).

1368 2720 1408 2764 4.
1434 2720 1662 2762 Communi
1696 2722 1946 2768 voluntate.
1983 2726 2088 2767 Non
2114 2736 2222 2768 con-

1317 2776 1415 2816 tent
1441 2774 1497 2817 de
1532 2777 1742 2819 montrer-
1771 2786 1890 2830 pour
1933 2779 1979 2821 la
2009 2781 2142 2821 vertu
2179 2783 2224 2821 et

1317 2827 1359 2870 le
1382 2827 1544 2870 devoir
1575 2829 1617 2871 lc
1643 2828 1741 2871 zele
1776 2831 1855 2883 qui
1893 2829 1994 2874 doit
2036 2831 2222 2875 animer

1318 2883 1422 2923 tous
1465 2882 1532 2924 les
1580 2882 1699 2925 bons
1725 2883 1950 2937 citoyens.
2003 2884 2223 2930 l'hommo

1316 2944 1605 2998 courageux,
1633 2936 1715 2988 qui
1755 2936 1903 2989 prend
1945 2939 1992 2980 la
2022 2937 2221 2981 mission

1317 2987 1657 3038 daccusateur,
1701 2989 1805 3032 doit
1844 2990 2150 3035 s'astreindre
2195 2994 2224 3035 a

1317 3041 1448 3102 vivre
1485 3052 1600 3084 avec
1630 3053 1723 3084 une
1759 3043 2009 3087 honnetete
2036 3045 2143 3097 plns
2165 3047 2224 3088 ri-

1318 3094 1427 3190 {ude
1451 3105 1623 3137 encore
1645 3106 1737 3149 que
1762 3097 1880 3139 celle
1906 3097 1987 3141 des
2019 3099 2139 3141 bons
2159 3101 2225 3141 ci-

1337 3158 1364 3188 o
1384 3158 1499 3190 vens.

1405 3232 1416 3243 .
1442 3201 1491 3241 L.
1524 3200 1706 3242 Crasso.
1752 3203 1808 3244 L.
1846 3203 2064 3246 Licinius
2089 3205 2226 3248 Cras-

1319 3265 1418 3302 sus,
1451 3254 1636 3297 illustre
1661 3259 1867 3303 orateur,
1891 3257 2005 3299 dont
2025 3257 2222 3302 Ciceron

1319 3307 1453 3360 parle
1479 3308 1727 3362 beaucoup
1757 3309 1878 3352 dans
1904 3309 1945 3351 le
1981 3310 2147 3351 Brutus
2177 3317 2225 3355 et

1322 3360 1435 3402 dont
1466 3362 1497 3403 il
1523 3361 1611 3403 fait
1631 3373 1695 3403 un
1736 3361 1818 3404 des
1852 3364 2223 3408 interlocnteurs

1319 3412 1382 3454 du
1422 3413 1480 3455 De
1508 3414 1710 3463 Oratore,
1741 3416 1910 3467 consul
1938 3428 1994 3458 cn
2026 3418 2093 3465 95,
2116 3429 2227 3461 cen-

1323 3478 1433 3509 seur
1459 3478 1517 3510 en
1541 3466 1609 3520 92,
1643 3471 1767 3511 mort
1790 3480 1847 3512 eu
1877 3469 1945 3520 91,
1969 3469 1996 3512 a
2019 3470 2068 3512 la
2096 3473 2224 3516 suite

1321 3519 1461 3563 d‘une
1484 3517 1655 3564 seance
1675 3522 1738 3564 du
1761 3522 1906 3566 senat
1929 3527 1975 3566 et
1998 3523 2106 3566 d'un
2129 3526 2224 3568 dis·
2274 3555 2280 3563 .

2062 3642 2084 3705 1

2063 3726 2080 3767 ὅ

2062 3800 2082 3827 o
