2570 4026
528 278 557 308 (ι
591 272 651 314 ΙΝ
694 272 759 313 Μ.
807 271 1113 315 ANTONIUM
1158 273 1374 317 ORATIO
1419 274 1747 316 PHILIPPICA
1796 274 1967 315 ΡΒΙΜΔ
2014 279 2037 286 “

328 424 504 480 rem,
560 408 672 467 sed
731 424 811 465 ne
865 406 1134 481 tardius,
1190 426 1386 485 quam
1441 425 1769 485 cuperem,
1823 409 1914 467 rei

330 495 712 572 gratularer.
770 496 976 573 Atque
1030 514 1148 577 ego
1215 498 1513 557 celeriter
1564 498 1849 557 Veliam¹
1915 498 1936 556 c

327 586 597 644 Brutum
638 584 791 657 vidi,
841 590 1079 662 quanto
1128 604 1278 646 meo
1325 586 1573 657 dolore,
1629 604 1760 645 non
1817 584 1936 645 dic«

328 674 494 733 mihi
529 674 655 752 ipsi
681 675 1041 748 videbatur,
1085 676 1152 734 in
1179 694 1322 735 eam
1356 677 1587 736 urbem
1606 693 1709 736 me
1731 676 1936 735 ander<

329 781 410 823 ex
442 781 565 840 qua
604 765 843 823 Brutus
867 765 1148 837 cederet,
1189 769 1253 824 et
1282 766 1371 825 ibi
1406 765 1570 824 velle
1603 769 1740 824 tuto
1774 782 1936 838 esse,

330 870 460 911 non
504 857 749 928 posset.
798 855 1019 930 Neque
1068 872 1217 928 vero
1254 854 1464 922 illum,
1517 853 1840 927 similiter,
1884 858 1936 912 at

330 958 531 1013 eram,
566 946 969 1002 commotum
1001 960 1145 1003 esse
1181 943 1334 1002 vidi.
1369 945 1633 1003 Erectus
1663 943 1835 1002 enim
1871 961 1933 1004 m

330 1031 756 1106 pulcherrimi
798 1032 948 1091 facti
986 1033 1088 1091 sui
1132 1033 1552 1107 conscientia,
1589 1032 1753 1091 nihil
1786 1034 1863 1092 de
1909 1051 1936 1092 s

328 1120 535 1184 multa
562 1119 638 1179 de
667 1124 890 1179 nostro
930 1121 1340 1198 querebatur.

410 1219 535 1276 10..
566 1219 783 1293 Exque
863 1236 937 1278 eo
1007 1218 1293 1295 primum
1368 1220 1664 1297 cognovi,
1729 1237 1870 1297 quae

329 1306 678 1366 Sextilibus
727 1306 792 1364 in
833 1314 1062 1367 senatu
1112 1307 1347 1367 fuisset
1395 1309 1460 1367 L.
1516 1309 1770 1368 Pisonis
1818 1326 1936 1368 ora·

330 1395 706 1472 quanquam
773 1413 999 1472 parum
1071 1402 1207 1457 erat
1280 1397 1368 1477 (id
1441 1398 1617 1458 enim
1680 1399 1898 1475 ipsum

330 1484 711 1563 audieram),
748 1502 784 1543 a
806 1486 1043 1562 quibus
1069 1486 1398 1561 debuerat,
1431 1488 1716 1565 adjutUS,
1748 1492 1936 1547 tamei

326 1574 704 1634 testimonio
744 1572 765 1605 ³
839 1573 991 1653 (quo
1060 1576 1214 1653 quid
1278 1581 1492 1654 potest
1576 1594 1720 1637 esse
1787 1595 1936 1654 grav

332 1664 629 1723 omnium
688 1663 1388 1743 praedicatione,⁴quos
1447 1671 1667 1745 postea
1722 1666 1879 1740 vidi,

332 1750 496 1812 mihi
536 1752 873 1814 videbatur
914 1754 1184 1833 gloriam
1237 1760 1652 1815 consecutus,
1700 1758 1884 1815 Hunc
1933 1774 1936 1812 ῑ

333 1858 661 1917 sequerer,
698 1843 1057 1920 properavi,
1082 1862 1277 1920 quem
1300 1849 1656 1921 praesentes
1678 1862 1809 1905 non
1829 1862 1936 1904 sur

331 1948 463 1990 non
495 1935 565 1990 ut
584 1933 966 2009 proficerem
989 1933 1233 2010 aliquid
1260 1932 1404 2011 (nec
1432 1934 1605 1993 enim
1633 1936 1936 2011 sperabat

331 2030 639 2100 praestare
687 2023 1027 2104 poteram),
1072 2024 1183 2084 sed
1233 2030 1322 2097 ut,
1361 2025 1415 2084 si
1471 2025 1624 2102 quid
1668 2025 1827 2084 mihi
1868 2025 1936 2085 ht

332 2111 682 2172 accidisset
722 2112 945 2189 (multa
976 2118 1212 2173 autem
1256 2114 1634 2190 impendere
1681 2114 1936 2174 videnti]

329 2206 626 2260 naturam
660 2203 878 2275 etiam,
913 2207 1271 2279 praeterque
1314 2201 1568 2281 fatum),
1604 2203 1802 2280 hujus
1851 2208 1936 2262 tal

330 2307 558 2351 vocem
582 2293 814 2351 testem
842 2291 934 2350 rei
962 2292 1235 2368 publicae
1267 2292 1703 2369 relinquerem
1734 2309 1896 2352 meae
1921 2311 1936 2369 1

335 2396 483 2456 erga
516 2398 583 2440 se
606 2381 981 2440 voluntatis,

416 2490 512 2547 11.
571 2487 891 2558 Quoniam
948 2489 1292 2565 utriusque
1355 2489 1613 2559 consilii
1679 2506 1936 2550 causam

332 2577 709 2654 conscripti,
747 2579 1081 2653 probatam
1122 2579 1307 2638 vobis
1349 2596 1493 2638 esse
1539 2579 1818 2650 confidO,
1863 2579 1936 2656 pr

330 2667 412 2726 de
452 2683 518 2724 re
568 2665 827 2743 publica
875 2667 1087 2727 dicere
1135 2667 1400 2745 incipiO,
1450 2685 1653 2744 pauca
1706 2685 1936 2744 querar

330 2759 512 2814 terna
544 2757 620 2814 Μ.
656 2756 916 2815 Antonii
955 2755 1214 2833 injuria,
1260 2757 1364 2816 cui
1398 2775 1543 2817 sum
1585 2757 1869 2822 amicus:
1916 2757 1934 2815 i

329 2862 460 2993 noln
503 2845 685 2905 nullo
723 2846 865 2923 ejus
912 2846 1127 2905 officio
1171 2847 1402 2906 debere
1445 2864 1614 2916 esse,
1662 2864 1790 2924 prae
1839 2864 1936 2906 me

331 2937 402 2993 tu
433 2934 475 2993 i.

384 3119 427 3163 1.
470 3120 651 3164 Veliam.
679 3117 826 3169 Velie,
858 3117 971 3162 ville
999 3118 1235 3163 maritime
1348 3117 1404 3162 de
1433 3118 1642 3163 detruire
1671 3130 1753 3172 par
1789 3119 1834 3161 la
1869 3119 1936 3163 ἴοι

330 3174 387 3217 de
412 3176 459 3217 la
480 3174 705 3224 Lucanie‚
737 3177 868 3217 entre
901 3175 949 3216 la
978 3175 1235 3228 campanie
1350 3174 1526 3216 tutions
1572 3169 1936 3226 republicaines.

331 3229 439 3272 etle
470 3228 727 3271 Bruttium.
1347 3229 1419 3270 est
1459 3226 1703 3280 reproduit
1740 3227 1859 3269 dans
1916 3228 1936 3269 l¹

381 3281 428 3325 2.
470 3281 522 3323 L.
572 3281 754 3323 Pisonis
792 3281 953 3322 oracio.
998 3281 1061 3324 Le
1092 3281 1233 3323 beau-
1345 3278 1631 3335 Philippique
1661 3280 1760 3334 (vu,
1791 3279 1858 3333 19)
1894 3293 1936 3320 11

327 3334 439 3389 pere
464 3335 520 3377 de
537 3335 693 3383 Cesar,
718 3335 769 3377 L.
788 3335 1079 3388 Calpurnius
1103 3335 1230 3382 Piso,
1346 3333 1424 3374 hoc
1446 3332 1558 3375 idem
1579 3334 1775 3374 ›naaeima
1791 3347 1884 3374 cnm
1908 3331 1936 3373 lc

331 3389 370 3431 si
396 3388 707 3432 violemment
726 3388 920 3448 attaque
949 3387 1070 3430 dans
1091 3388 1233 3430 l'Ora-
1345 3388 1537 3440 triqz'nta
1556 3385 1705 3428 (liebus
1735 3391 1855 3429 ante.

329 3443 393 3483 tio
423 3443 466 3482 in
490 3441 710 3488 Pisonem,
734 3437 901 3484 merite
920 3442 988 3484 les
1008 3442 1235 3495 louanges
1397 3441 1438 3484 3.
1487 3440 1617 3482 Bruti
1656 3441 1924 3482 testimonio.

328 3495 387 3537 de
436 3492 637 3538 ciceron
680 3505 798 3548 pour
843 3496 991 3542 avoir,
1016 3494 1135 3536 dans
1188 3495 1235 3537 la
1345 3492 1406 3534 ad
1441 3494 1606 3541 Attia,
1655 3494 1785 3540 XVI,
1814 3505 1897 3543 vn,
1925 3493 1936 3536 ἒ

326 3548 500 3593 3631108
520 3549 584 3591 du
612 3548 674 3591 1⁰¹·
694 3550 807 3590 aollt
831 3547 1003 3590 accuse
1033 3547 1232 3591 Antoine
1343 3547 1551 3587 Pisonem
1571 3546 1744 3601 ferebat
1767 3546 1809 3586 in
1832 3547 1936 3587 coelu

1895 3637 1936 3687 2¹

2141 256 2247 286 ᾹΗἿ
