2570 4026
288 308 294 314 ’
360 317 481 376 ’186
1094 327 1198 372 Les
1241 326 1541 376 ver-niues

365 448 671 528 pendisse
698 464 765 506 se
798 448 1073 517 constat,
1105 463 1235 523 quo
1268 446 1372 510 die
1420 446 1520 508 sit
1549 447 1608 506 ei
1661 444 2032 508 nuntiatum
2086 444 2292 526 Apro·

352 540 548 610 ‚nium
590 536 895 598 decumas
940 533 1298 596 redemisse
1323 538 1366 600 ¹.
1411 536 1798 613 Tyracinum
1830 535 1875 605 ²,
1921 532 2290 614 principem

363 626 662 698 civitatis,
693 624 920 686 eadem
952 624 1202 686 ratione
1243 629 1524 688 mortem
1557 624 1888 706 oppetisse
1929 623 2092 690 dixit
2116 622 2292 704 apud

361 735 479 780 vos
511 717 711 776 homo
742 714 1220 786 nobilissimus,
1259 714 1661 784 Archonidas
1693 712 2037 778 Helorinus
2063 713 2107 787 ³,
2132 730 2290 774 cum

361 805 651 868 audisset
675 807 928 866 tantum
953 803 1387 867 decumanum
1417 803 1791 881 professum
1814 819 1958 886 esse
1977 819 2056 862 ex
2074 801 2291 864 edicto

362 896 549 957 istius
594 893 719 957 sibi
751 892 995 963 deberi,
1039 896 1357 970 quantum
1402 893 1510 954 ille
1556 891 1746 956 bonis
1799 890 1936 954 suis
1978 889 2291 966 omnibus

360 985 617 1050 efficere
646 1000 781 1048 non
813 985 1056 1061 posset.

442 1076 592 1134 Haec
641 1077 733 1145 tu,
782 1071 1044 1131 tametsi
1096 1071 1396 1136 omnium
1450 1071 1797 1134 hominum
1856 1068 2293 1134 dissolutissi-

361 1179 512 1221 mus
543 1159 1169 1240 crudelissimusque
1185 1176 1447 1236 semper
1465 1158 1669 1232 fuisti‚
1702 1162 1921 1222 tamen
1947 1174 2291 1234 nunquam

362 1253 790 1333 perpeterere,
824 1251 1166 1327 propterea
1196 1248 1373 1330 quod
1414 1249 1520 1312 ille
1565 1249 1852 1326 gemitus
1896 1245 2289 1330 luctusque‘·

361 1339 708 1418 provinciae
741 1338 819 1400 ad
850 1340 942 1398 tui
982 1338 1210 1416 capitis
1249 1339 1614 1422 periculum
1660 1338 2025 1415 pertinebat
2058 1356 2072 1400 :
2123 1354 2286 1409 non,

362 1429 653 1508 inquam,
707 1432 1137 1507 perpeterere,
1192 1433 1265 1492 ut
1295 1428 1599 1490 homines
1640 1428 1897 1505 injuriae
1921 1432 2047 1490 tuae
2074 1443 2292 1488 reme-

361 1518 543 1582 dium
574 1522 782 1577 morte
829 1534 902 1578 ac
924 1518 1291 1595 ‚suspendio
1324 1522 1710 1595 quaererent,
1767 1518 1895 1580 nisi
1941 1535 2017 1580 ea
2060 1532 2163 1580 res
2205 1516 2293 1576 ad

361 1611 683 1685 quaestum
715 1611 778 1667 et
814 1607 892 1666 ad
922 1606 1208 1686 praedam
1257 1614 1440 1669 tuam
1481 1607 1851 1686 pertineret.
1887 1607 2025 1668 130.
2076 1604 2238 1682 Quid
2259 1606 2293 1663 ‘?

359 1696 518 1760 illud
575 1700 866 1776 paterere
893 1696 922 1754 ‘2
981 1693 1311 1768 attendite,
1373 1696 1632 1774 judices
1654 1714 1692 1770 3·
1739 1695 2046 1762 omnihus
2107 1694 2292 1758 enim

359 1786 521 1848 mihi
550 1785 770 1848 nervis
793 1788 811 1820 ³⁵
839 1785 1365 1850 contendendum
1390 1789 1529 1865 est,
1571 1789 1762 1863 atque
1807 1785 1875 1852 in
1909 1786 2035 1846 hoc
2069 1783 2290 1845 elabo-

361 1875 660 1946 randum,
707 1879 810 1936 ut
865 1893 1098 1940 omnes
1143 1873 1547 1953 intellegant,
1622 1892 1817 1953 quam
1890 1875 2287 1957 improbam,

360 1983 557 2044 quam
590 1965 1029 2039 manifestam,
1066 1982 1262 2044 quam
1295 1964 1667 2029 confessam
1707 1981 1848 2029 rem
1879 1962 2153 2044 pecunia
2184 1979 2291 2023 re-

360 2057 605 2120 dimere
639 2059 932 2116 conetur.
983 2057 1185 2119 Grave
1232 2055 1483 2119 crimen
1514 2058 1613 2117 est
1640 2055 1787 2129 hoc,
1814 2058 1877 2116 et
1901 2054 2286 2137 vehemenS,

361 2150 422 2205 et
447 2150 594 2222 post
622 2146 970 2206 hominum
1001 2144 1389 2206 memoriam
1412 2145 1454 2215 ⁶,
1484 2143 1856 2222 judiciaque
1883 2141 1960 2203 de
1987 2141 2291 2225 pecuniis

268 2260 269 2263 ¹
360 2236 738 2312 repetundis
767 2235 1142 2304 constituta,
1169 2234 1655 2313 gravissimum,
1690 2237 2035 2311 praetorem
2068 2229 2289 2292 socios

359 2325 668 2385 hahuisse
692 2323 1118 2385 decumanos.

430 2504 615 2574 Apres
647 2503 808 2557 avoir
835 2502 1148 2557 demontre
1178 2506 1373 2557 tontes
1400 2500 1487 2557 les
1526 2503 1765 2573 rapines
1797 2502 1868 2557 de
1905 2502 2110 2557 Verres
2136 2500 2292 2557 dans

358 2583 418 2638 la
439 2583 716 2654 question
730 2583 808 2638 du
819 2585 1164 2652 frumentum
1183 2582 1552 2637 decumanum
1565 2586 1623 2637 et
1651 2582 1812 2638 leurs
1843 2582 2291 2652 consequences

360 2665 620 2718 funestes
655 2679 807 2734 pour
827 2661 885 2717 la
914 2662 1085 2718 Sicile
1107 2666 1165 2718 et
1186 2678 1338 2733 pour
1355 2663 1536 2717 Rome
1577 2663 1794 2732 meme,
1840 2662 2085 2717 Ciceron
2113 2677 2290 2733 passe

360 2745 393 2800 a
421 2744 480 2800 la
504 2744 779 2815 question
810 2743 889 2798 du
921 2745 1262 2812 frumentum
1293 2749 1534 2814 emptu-m
1565 2742 1920 2815 (Lxx-Lxxx).
1961 2742 2007 2797 Il
2049 2760 2087 2814 y
2129 2742 2294 2798 avait

411 2907 450 2947 1.
479 2905 750 2947 Ile-demisse.
777 2905 1107 2961 Qu'Apronius
1134 2905 1266 2947 avait
1428 2907 1469 2947 3.
1496 2904 1759 2949 Helorinus.
1792 2905 1994 2949 Helorus
2041 2915 2102 2949 ou
2147 2904 2296 2946 Helo-

362 2959 556 3002 afferme
580 2959 627 3001 la
660 2959 934 3013 perception
963 2957 1021 3000 de
1047 2959 1094 3000 la
1117 2957 1261 3006 dime,
1374 2968 1483 3000 rum
1526 2959 1598 3001 est
1640 2969 1734 3002 une
1777 2957 1890 3001 ville
1915 2957 2044 3000 dela
2076 2956 2178 2999 cote
2225 2956 2290 2999 de

408 3011 455 3056 2.
518 3012 797 3064 Tyr-acinum.
848 3013 940 3054 Les
1003 3012 1262 3055 anciennes
1373 3012 1538 3062 Sicile,
1579 3013 1713 3055 entre
1748 3012 1790 3055 le
1813 3022 1900 3065 cap
1933 3011 2216 3065 Pachynum
2236 3012 2290 3053 et

361 3063 566 3109 editions
611 3068 657 3109 et
702 3064 752 3108 la
793 3065 986 3119 plupart
1022 3064 1105 3108 des
1144 3075 1261 3107 mss.
1375 3065 1659 3119 Syracusa·
1947 3104 1954 3109 .

359 3123 441 3161 ont
462 3119 804 3174 Dymachinum,
829 3120 926 3167 mot
958 3118 1021 3163 ou
1047 3118 1116 3163 les
1141 3129 1266 3161 com-
1427 3121 1473 3163 4.
1512 3118 1709 3161 Gemitus
1731 3119 1974 3172 luctusque.
1996 3119 2087 3161 Les
2139 3113 2288 3160 emis-

359 3174 656 3229 mentateurs
680 3174 762 3219 ont
794 3184 857 3217 vu
890 3172 932 3217 le
957 3182 1069 3217 nom
1096 3181 1263 3226 propre
1375 3173 1680 3219 inissemente
1724 3174 1769 3217 et
1807 3173 1875 3215 les
1910 3172 2073 3225 pleurs
2101 3170 2114 3223 (
2166 3170 2288 3225 920),

360 3225 470 3268 ‹l’un
497 3226 679 3269 certain
695 3226 1042 3281 Dyrrachinus.
1069 3223 1262 3280 D’apres
1376 3226 1414 3267 si
1451 3236 1512 3267 ne
1542 3225 1600 3268 de
1630 3225 1774 3268 deuil.

328 3306 331 3307 γ
362 3280 426 3320 los
476 3279 719 3321 meilleurs
762 3290 895 3328 mss„
931 3278 1001 3325 les
1049 3279 1264 3327 derniers
1443 3277 2291 3332 ‚.Nervis.Lesnerfsdanslesquels

360 3331 567 3394 ‹idi-tcurs
604 3332 818 3394 ecrivent
858 3331 1136 3386 Tyr-acinum.
1168 3334 1267 3377 mot
1376 3327 1521 3377 Penei·
1556 3333 1599 3379 ie
1625 3332 1796 3375 reside.
1821 3332 1936 3377 Voir
1961 3330 2011 3374 la
2047 3332 2154 3375 note
2179 3332 2205 3375 5
2225 3330 2290 3372 de

361 3384 1266 3501 gt:11]ilggxilig(1ll’ir(}²ltc{33ee1;nlgvgplau{gilgte‘fflg
1378 3384 1611 3501 la6P·P3⁸8t'
1646 3438 1866 3481 hominum
1907 3438 2174 3498 memoriani.
2216 3437 2289 3480 De

361 3492 443 3532 «les
488 3491 819 3544 Tyr-nemmem,
877 3502 937 3535 en
1023 3492 1148 3541 icile.
1203 3504 1266 3537 ou
1378 3491 1607 3535 memoire
1676 3492 1927 3539 d'homme‚
1989 3491 2157 3544 depuis
2210 3490 2288 3532 les

362 3545 632 3589 mieux.un
652 3544 843 3589 nomme
873 3546 1152 3598 Tyracinus,
1184 3557 1266 3589 no·
1382 3550 1532 3599 temps
1577 3547 1645 3589 les
1683 3545 1793 3599 plus
1832 3544 2014 3591 recales
2057 3543 2171 3589 dont
2209 3543 2284 3587 les

366 3598 487 3641 table
518 3598 734 3642 habitant
758 3598 1024 3645 d'Helorus.
1381 3602 1598 3645 homiues
1629 3600 1835 3657 penvent
1855 3609 1905 3641 se
1930 3597 2171 3644 convenir-
