2570 4026
892 331 966 373 LE
1012 336 1041 367 (<
1089 328 1200 372 PRO
1243 329 1292 370 L.
1343 328 1563 372 FLACCO

304 467 499 526 vilius
540 469 604 527 et
650 467 720 537 Q.
773 466 1083 539 Metellus,
1130 464 1330 540 hujus
1383 463 1593 541 pudor

307 561 530 629 testeS‚
580 545 1053 633 repugnabunt.
1104 553 1398 613 Asiaticae
1440 553 1593 629 juris

302 645 472 721 juris
527 645 766 704 dictio1
825 643 1263 722 respondebit.
1316 643 1593 702 Annuit

308 735 554 794 tionem
582 734 797 794 omnis
829 738 980 793 aetas
1031 733 1098 791 L.
1135 731 1360 803 Flacci
1394 734 1456 790 et
1504 749 1593 808 pe:

308 823 443 884 det.
499 825 636 883 101.
692 825 882 896 Εῐ,,εἰ
921 823 1234 900 prodesse
1290 822 1355 879 L.
1398 821 1593 881 Flacc‹

311 912 484 989 quod
526 929 594 972 se
644 912 981 972 tribunum
1020 909 1327 982 militum,
1372 909 1543 985 quod
1585 931 1593 966 ι

308 1003 595 1084 legatum
630 1001 1129 1080 imperatoribus
1172 999 1577 1073 clarissimis,

304 1091 607 1163 tissimiS‚
641 1091 993 1167 provinciis
1024 1088 1456 1166 gravissimis,
1492 1087 1593 1165 dig

309 1180 431 1239 bus
462 1181 484 1213 2
507 1181 826 1257 praestitit,
858 1179 1088 1257 prosit,
1123 1177 1296 1254 quod
1339 1177 1467 1249 hic,
1511 1195 1591 1236 vo

311 1269 618 1347 periculis
674 1269 1134 1329 communibus
1185 1266 1482 1325 omnium
1537 1284 1593 1326 n«

312 1359 460 1418 cula
498 1376 647 1418 cum
695 1359 861 1418 meis
907 1356 1275 1434 conjunxit3
1323 1356 1574 1433 prosint

313 1449 821 1525 municipiorum
895 1446 1431 1521 coloniarumque
1499 1444 1593 1504 lau

313 1537 505 1596 ctiam
560 1542 824 1597 senatus
877 1535 1228 1613 populique
1289 1534 1560 1592 Romani

312 1626 613 1686 laudatio,
678 1654 682 1658 ·

393 1735 527 1793 102.
570 1734 617 1793 Ο
647 1751 776 1792 nox
798 1735 818 1766 ³
849 1733 980 1806 illa,
1007 1751 1149 1814 quae
1180 1705 1365 1808 paene
1390 1736 1593 1791 aetem

266 1909 272 1914 ι
314 1833 430 1890 bra
457 1831 752 1904 attulisti,
787 1848 937 1890 cum
967 1830 1128 1889 Galli
1158 1829 1236 1889 ad
1260 1829 1532 1902 bellum,
1563 1831 1593 1890 C

312 1921 631 1998 conjurati
664 1920 740 1979 ad
766 1920 1009 1980 ferrum
1031 1923 1095 1979 et
1122 1919 1454 1978 flammam
1474 1936 1590 1979 voc

312 2013 396 2084 te,
427 2010 669 2085 Flacce‚
700 2009 931 2071 caelum
985 2012 1377 2086 noctemque
1429 2012 1593 2068 cont«

315 2107 445 2162 tem
476 2101 864 2173 obtestemur,
893 2117 1044 2160 cum
1075 2102 1202 2158 tuae
1243 2099 1391 2158 fidei
1426 2100 1593 2175 optin

313 2204 438 2249 mae
466 2190 743 2250 salutem
762 2189 951 2249 Urbis
984 2192 1047 2248 et
1076 2188 1320 2247 civium
1346 2204 1593 2247 comme

315 2278 568 2357 Flacce,
607 2282 862 2356 praetor,
905 2278 1275 2337 communis
1322 2276 1496 2336 exitii
1535 2295 1593 2335 111

315 2368 631 2428 inclusam
683 2368 747 2426 in
795 2368 1026 2426 litteris
1072 2366 1164 2425 rei
1211 2365 1490 2443 publicae
1546 2384 1593 2443 p=

312 2445 486 2531 disti,
531 2462 600 2517 tu
652 2456 1086 2533 periculorum
1130 2454 1388 2528 indicia,
1435 2458 1505 2513 tu
1557 2473 1587 2514 s

311 2562 414 2604 me
447 2550 510 2605 et
535 2546 613 2606 ad
654 2550 953 2618 senatum
990 2543 1279 2604 attulisti.
1317 2544 1470 2614 Quae
1504 2547 1593 2605 tib

308 2652 345 2694 a
376 2653 478 2695 me
505 2640 683 2709 actae,
703 2653 845 2712 quae
868 2636 945 2695 ab
969 2637 1216 2706 senata,
1244 2651 1388 2711 quae
1418 2654 1453 2694 a
1476 2638 1593 2696 bon

310 2726 449 2799 tibi,
484 2725 631 2802 quis
675 2725 740 2784 C.
782 2724 1127 2801 Pomptino
1152 2719 1201 2795 ¹⁹,
1240 2722 1593 2785 fortissimo

314 2815 562 2874 bonum
610 2817 864 2891 putaret
900 2829 1216 2890 unquam,
1248 2829 1381 2871 non
1416 2815 1593 2874 salut

310 2920 448 2963 rem
488 2903 699 2962 ullum
745 2901 1260 2980 denegaturum?
1305 2901 1352 2960 Ο
1404 2921 1593 2964 nonae

317 3009 480 3067 quae,
514 3009 618 3051 me
651 2991 938 3064 consule,
982 2989 1226 3049 fuistis!
1280 3008 1475 3067 quem
1513 3009 1591 3068 eg

307 3166 371 3212 du
387 3169 522 3212 futur
533 3170 744 3213 clientde
757 3168 971 3217 Cicer-on,
995 3169 1040 3212 et
1051 3167 1203 3221 Septi·
1312 3166 1433 3211 cola.
1461 3170 1577 3212 Voir

311 3223 435 3265 mius
455 3222 632 3266 etaient
644 3223 711 3265 les
725 3220 928 3265 temoins
946 3221 975 3264 s.
993 3222 1110 3264 char
1144 3232 1196 3270 e;
1365 3221 1405 3264 3.
1429 3222 1550 3264 Nox.
1576 3225 1593 3257 ἲ

308 3276 361 3317 Ρ.
388 3276 625 3319 Servilius
664 3278 912 3318 Isauricus
942 3277 988 3318 et
1029 3276 1082 3324 Q.
1161 3285 1205 3317 c-
1311 3278 1476 3318 verte
1501 3278 1593 3317 de'

308 3328 449 3372 tellus
473 3330 685 3373 Creticus
708 3330 842 3372 (voir.
868 3340 911 3382 p.
938 3328 1008 3382 21)
1052 3327 1198 3381 depo-
1366 3328 1404 3371 4.
1454 3330 1593 3381 Pomp

305 3382 462 3425 saient
509 3394 568 3425 en
587 3384 756 3425 favent·
781 3382 836 3424 de
888 3382 992 3424 leur
1035 3383 1208 3423 ancien
1323 3382 1520 3424 Flaccm
1552 3383 1578 3424 ἐι

307 3433 628 3479 subm-donne.
1318 3436 1491 3479 aulide
1535 3437 1587 3477 Ci

359 3487 399 3531 1.
440 3489 622 3530 Urbana
643 3489 764 3543 juris
799 3488 958 3530 dictio.
1008 3488 1122 3530 Voir
1160 3488 1209 3529 la
1318 3487 1593 3542 comme-leg

308 3544 417 3585 note
439 3542 465 3585 3
484 3543 541 3585 de
572 3543 620 3585 la
649 3555 692 3595 p.
726 3542 826 3585 350.
1318 3541 1516 3584 Ciceron
1532 3554 1593 3585 me

362 3594 405 3637 2.
428 3594 697 3649 Mnjoribws.
721 3598 775 3638 Ρ.
798 3595 1022 3639 Valerius
1049 3594 1211 3638 Publi-
1323 3596 1466 3637 timus
1487 3595 1593 3638 dan:
