2570 4026
366 322 486 379 450
576 300 687 379 nss's
729 336 1013 380 mscouns
1058 335 1457 380 consummes
1498 335 1621 380 Aux
1666 334 2079 386 eumerioues

364 472 537 544 dan-1,
567 474 817 531 tantum
858 471 1178 533 facultatis
1211 473 1410 531 timor
1440 473 1752 532 detrahat.
1813 472 2101 530 Primum
2142 471 2302 532 dico

363 578 477 638 pro
506 562 712 638 capite
757 562 1161 639 fortunisque
1203 562 1399 637 regis,
1435 562 1607 639 quod
1636 562 1852 638 ipsum
1884 561 2003 619 etsi
2033 578 2167 621 non
2200 562 2304 620 in-

361 651 586 726 iquum
606 655 725 720 est,
750 651 946 710 intuo
970 650 1310 710 duntaxat¹
1336 649 1650 727 pericu10,
1680 655 1899 709 tamen
1923 654 2022 709 est
2038 652 2126 708 ita
2152 649 2302 709 inu-

362 739 647 813 sitatum,
692 757 913 816 regem
953 758 1138 800 reum
1189 741 1420 816 capitis
1456 757 1624 811 esse,
1678 745 1748 798 ut
1789 743 1936 799 ante
1966 738 2090 800 hoc
2121 744 2302 800 tem-

361 845 483 905 pus
513 847 648 889 non
679 830 763 889 sit
789 828 1104 888 auditum.
1134 831 1193 888 2.
1225 829 1470 889 Deinde
1500 847 1647 888 eum
1676 847 1917 907 regem,
1953 846 2145 906 quem
2188 848 2302 889 or-

363 935 515 977 nare
541 923 728 979 antea
753 924 988 978 cuncto
1022 937 1170 978 cum
1204 924 1432 979 senatu
1465 919 1777 991 solebam,
1806 935 1924 996 pro
1956 915 2317 995 perpetuis'

362 1008 503 1083 ejus
537 1009 601 1067 in
633 1012 924 1067 nostram
956 1025 1094 1069 rem
1128 1009 1454 1086 publicam
1506 1009 1783 1082 meritiS,
1838 1025 2010 1067 nunc
2065 1012 2301 1067 contra

363 1097 848 1157 atrocissimum
877 1099 1123 1157 crimen
1151 1115 1351 1173 cogor
1377 1097 1748 1158 defendere.
1784 1097 2066 1170 Accedit,
2098 1102 2169 1156 ut
2191 1115 2297 1157 ac-

361 1192 737 1246 cusatorum
756 1187 1021 1246 alterius
1037 1187 1438 1260 crudelitate,
1457 1189 1726 1247 alterius
1748 1186 2126 1263 indignitate
2140 1204 2299 1246 con—

362 1276 602 1334 turber.
640 1275 979 1335 Crudelem
1020 1277 1351 1335 Castorem
1375 1278 1419 1347 2,
1454 1296 1533 1336 ne
1566 1278 1777 1335 dicam
1808 1275 2196 1335 sceleratum
2232 1281 2302 1336 et

362 1364 660 1440 impium,
686 1365 794 1440 qui
826 1382 1030 1442 nepos
1055 1384 1249 1424 avum
1276 1367 1340 1425 in
1370 1366 1723 1425 discrimen
1754 1365 1983 1442 capitis
2015 1363 2300 1424 adduxe-

362 1455 467 1526 rit,
503 1454 1091 1531 adulescentiaeque
1142 1472 1275 1514 suae
1312 1459 1621 1515 terrorem
1670 1453 1961 1513 intulerit
1987 1453 2067 1520 ei,
2101 1455 2300 1530 cujus

365 1548 769 1602 senectutem
796 1546 964 1603 tueri
981 1550 1042 1604 et
1065 1549 1281 1623 tegere
1300 1545 1593 1616 debebat,
1621 1543 2300 1604 commendationem-

363 1649 485 1708 que
513 1633 798 1692 ineuntis
816 1635 1021 1692 aetatis
1047 1635 1125 1693 ab
1151 1634 1483 1710 impietate
1516 1637 1578 1692 et
1604 1632 1848 1692 scelere
1877 1633 2153 1704 duxerit,
2189 1634 2297 1691 avi

364 1738 648 1792 servum,
697 1730 1071 1799 corruptum
1113 1725 1422 1800 praemiis,
1474 1722 1552 1782 ad
1592 1723 2031 1782 accusandum
2083 1720 2298 1780 domi-

361 1829 519 1870 num
571 1811 919 1888 impulerit,
972 1817 1034 1871 et
1087 1830 1123 1870 a
1180 1813 1541 1888 legatorum
1594 1812 1869 1889 pedibus
1915 1811 2289 1872 abduxerit!

361 1901 418 1958 3.
461 1900 728 1976 Fugitivi
753 1908 990 1975 autem,
1031 1902 1371 1961 dominum
1408 1902 1799 1970 accusantiS,
1844 1905 1905 1960 et
1950 1900 2295 1961 dominum

362 1989 718 2063 absentem,
747 1993 806 2049 et
821 1990 1157 2050 dominum
1187 1990 1661 2051 amicissimum
1697 1995 1935 2051 nostrae
1967 1991 2060 2051 rei
2082 1991 2297 2069 publi—

361 2098 474 2152 (κθ,
509 2096 657 2138 cum
690 2097 762 2139 os
789 2080 1109 2154 videbam,
1146 2099 1295 2141 cum
1343 2083 1537 2141 verba
1580 2081 1955 2151 audiebam,
1994 2098 2126 2140 non
2156 2086 2293 2142 tam

359 2170 664 2229 afflictam
692 2170 938 2245 regiam
962 2171 1412 2231 condicionem
1434 2171 1757 2239 dolebam,
1781 2189 1975 2247 quam
1995 2170 2071 2230 de
2090 2171 2296 2231 fortu-

357 2259 461 2320 nis
492 2260 952 2319 communibus
977 2261 1504 2322 extimescebam.
1542 2263 1725 2332 Nam,
1761 2279 1910 2320 cum
1941 2277 2124 2319 more
2153 2279 2290 2319 ma-

351 2350 572 2425 jorum
611 2348 688 2408 de
730 2366 914 2408 servo
977 2350 1042 2408 in
1084 2351 1447 2422 dominum,
1492 2366 1572 2409 ne
1616 2349 1954 2409 tormentis
1993 2348 2288 2425 quidem,

365 2437 564 2515 quaeri
612 2437 823 2512 liceat,
879 2439 942 2497 in
989 2456 1117 2516 qua
1160 2440 1517 2515 quaestione
1563 2439 1748 2497 dolor
1793 2439 2023 2497 elicere
2066 2454 2289 2498 veram

356 2543 584 2586 vocem
622 2527 831 2603 possit
860 2527 1050 2587 etiam
1086 2531 1164 2588 ab
1191 2529 1415 2601 invit0,
1445 2533 1707 2587 exortus
1730 2533 1828 2587 est
1859 2544 2107 2597 servuS,
2146 2527 2289 2604 qui,

359 2633 556 2693 quem
582 2617 650 2674 in
681 2616 956 2693 equuleo
981 2619 1000 2650 ³
1039 2619 1358 2695 appellare
1399 2635 1530 2677 non
1560 2621 1805 2694 posset,
1842 2635 1990 2677 eum
2018 2633 2292 2677 accusa-

361 2710 532 2764 saret
557 2706 832 2765 solutus.

438 2812 521 2873 Il.
562 2815 620 2870 4.
654 2813 991 2873 Perturbat
1013 2831 1140 2887 me,
1163 2816 1225 2873 C.
1258 2816 1486 2885 Caesar,
1524 2815 1715 2873 etiam
1752 2813 1910 2873 illud
1931 2813 2288 2885 interdum,

361 2899 535 2978 quod
565 2904 803 2975 tamen,
842 2920 991 2961 cum
1037 2908 1096 2962 te
1129 2905 1390 2980 penitus
1425 2904 1793 2979 recognovi,
1828 2903 2057 2962 timere
2102 2902 2293 2962 desi-

359 3007 467 3049 nc.
503 2990 592 3049 Re
621 2991 793 3048 enim
827 2992 1125 3068 iniquum
1158 2997 1277 3067 est,
1326 2993 1438 3053 sed
1473 2997 1580 3051 tua
1605 2992 1922 3069 sapientia
1952 2993 2019 3051 fit
2049 2993 2292 3069 {equis-

362 3081 624 3139 simum.
658 3082 816 3139 Nam
851 3081 1062 3142 dicere
1096 3082 1265 3159 apud
1298 3100 1449 3143 eum
1479 3083 1556 3142 de
1588 3082 1896 3149 facinore,
1927 3086 2152 3142 contra
2178 3101 2294 3143 cu-

411 3230 452 3275 1.
479 3231 716 3271 Decuma-at
739 3231 878 3280 (dame.
902 3237 1026 3279 taso.
1049 3233 1272 3288 frequen-
1381 3245 1495 3276 avec
1521 3234 1603 3275 des
1630 3233 1766 3287 poids
1815 3244 1908 3275 aux
1936 3233 2071 3286 pleds
2109 3236 2155 3276 et
2190 3245 2291 3277 aux

362 3285 472 3327 tati!
493 3283 548 3326 de
572 3288 744 3338 tanqu).
768 3297 792 3324 «
839 3286 1038 3339 ausqu'a
1074 3298 1125 3330 ce
1191 3288 1268 3329 u‘il
1379 3288 1556 3329 mains.
1585 3287 1778 3329 ciceron
1803 3298 1829 3329 a
1872 3287 1941 3329 dit
1970 3286 2091 3328 dans
2112 3287 2157 3329 le
2196 3287 2295 3328 Pro

364 3338 536 3381 toucbe
569 3354 586 3373 »
615 3352 623 3385 ;
657 3348 744 3391 par
782 3340 925 3386 suite.
951 3354 1036 3392 pas
1062 3354 1117 3379 an
1150 3342 1268 3385 cela,
1378 3341 1568 3383 Milone.
1601 3352 1721 3388 xxii,
1748 3339 1799 3382 59
1823 3340 1942 3393 (voir
1983 3342 2081 3382 tout
2102 3340 2145 3383 le
2185 3352 2291 3383 xxn

362 3392 619 3432 seulement.
1379 3394 1439 3436 οιί
1468 3394 1497 3435 il
1549 3394 1687 3447 s'agit
1717 3395 1799 3436 des
1842 3393 2166 3447 temoignages
2201 3395 2292 3438 des

414 3444 456 3485 2.
490 3444 739 3483 (lasau-mn.
773 3446 888 3487 Voir
919 3456 965 3499 p.
992 3445 1062 3490 68.
1379 3448 1591 3490 esclaves
1614 3447 1839 3489 arraches
1869 3458 1953 3499 par
1981 3446 2026 3489 la
2048 3448 2250 3499 toi-ture)
2279 3464 2289 3489 z

416 3496 456 3540 8.
483 3495 697 3548 la'qnulm.
715 3499 777 3539 Le
798 3499 1268 3553 chevalot(equuleus,
1378 3500 1441 3540 De
1468 3502 1605 3541 sem-is
1635 3500 1759 3541 malla.
1800 3500 1896 3551 [eye
1922 3501 2105 3554 quwstin
2135 3505 2204 3541 88!
2240 3503 2285 3541 in

365 3549 510 3600 jeune
537 3549 743 3601 clieval),
781 3552 1070 3595 instrument
1095 3555 1150 3596 de
1182 3557 1272 3596 t‹›r-
1378 3552 1650 3596 dominnm...
1674 3553 1877 3607 Major-es
1907 3554 2050 3597 nostri
2074 3553 2117 3593 in
2149 3552 2275 3595 domi

369 3605 472 3642 ture
499 3600 558 3639 osi
589 3601 629 3642 le
649 3604 830 3653 patient
853 3609 924 3647 est
945 3608 1034 3647 mis
1055 3607 1080 3648 a
1103 3608 1266 3650 cheval
1379 3620 1477 3647 num
1500 3606 1554 3650 de
1578 3620 1700 3649 servo
1724 3607 1861 3658 quaeri
1881 3606 2128 3648 noluerunt·
