2570 4026
907 309 979 350 LE
1023 315 1052 344 «
1101 310 1212 352 PRO
1259 311 1313 351 P.
1362 311 1563 354 SESTIO
1612 319 1640 347 »

314 445 498 504 blicae
531 462 567 503 a
597 443 974 503 consulibus
1001 447 1190 520 atque
1217 462 1254 503 a
1284 461 1546 505 summo
1573 445 1707 520 imp

313 551 459 594 esse
505 532 816 593 auxilium
873 532 1365 606 arbitrabantur,
1423 550 1575 593 cum
1643 533 1711 591 ill

312 628 544 700 praeter
599 621 917 681 furiosum
975 622 1162 681 illum
1219 622 1576 695 tribunum,
1630 622 1713 681 du

310 712 604 772 turbines
626 715 664 783 ¹,
696 711 805 788 qui
833 728 963 770 non
984 712 1178 771 modo
1206 712 1638 789 praecipitanti
1670 729 1710 788 p

313 801 626 872 venirent,
672 801 783 860 sed
848 817 991 860 eam
1051 800 1328 861 nimium
1376 802 1555 861 tarde
1613 818 1713 862 coi

309 903 473 952 rent.
507 882 945 966 Flagitabatur
985 890 1063 949 ab
1109 888 1190 948 iis
1240 889 1477 950 cotidie
1527 907 1713 950 cum<

311 998 458 1040 rum
489 979 804 1051 omnium,
839 982 979 1038 tum
1012 979 1205 1038 etiam
1237 979 1539 1057 precibus
1572 996 1713 1039 sena

312 1085 578 1129 causam
618 1068 1041 1145 susciperent,
1077 1076 1343 1145 agerent
1380 1068 1649 1146 aliquid,
1686 1067 1713 1127 d

309 1162 533 1217 natum
586 1157 901 1217 referrent
923 1157 976 1230 2;
1045 1174 1179 1217 non
1237 1157 1435 1218 modo
1490 1175 1713 1234 negam

286 1247 660 1319 >irridend0‚
691 1245 1174 1323 amplissimum
1209 1264 1538 1324 quemque
1572 1247 1713 1307 illiu

311 1337 692 1415 quebantur.
725 1337 822 1394 26.
858 1336 974 1396 Hic
1006 1336 1222 1396 subito
1259 1354 1411 1396 cum
1456 1335 1713 1397 incredi]

309 1425 471 1486 lium
496 1425 842 1485 multitudo
871 1443 948 1485 ex
978 1429 1112 1486 tota
1139 1426 1323 1498 urbe,
1364 1429 1713 1503 cunctaque

310 1515 537 1586 nisset,
569 1518 813 1575 vestem
853 1508 1230 1575 mutandam
1253 1517 1274 1550 ³
1310 1532 1561 1588 omneS,
1593 1533 1713 1575 me«

309 1604 580 1676 ratione,
623 1604 870 1682 privato
916 1605 1214 1677 consilio,
1263 1604 1573 1681 quoniam
1616 1622 1713 1685 *pu

311 1710 415 1753 res
436 1693 691 1771 publica
709 1698 974 1768 careret,
995 1693 1472 1753 defendendum
1485 1698 1713 1770 putaru

311 1787 601 1860 tempore
660 1786 921 1842 senatus
975 1783 1040 1842 in
1082 1783 1216 1842 aede
1274 1779 1712 1860 Concordiae*,

309 1873 627 1949 templum
675 1872 1176 1950 repraesentabat
1230 1872 1618 1932 memoriam
1648 1889 1713 1932 cc

311 1977 461 2022 cum
518 1961 679 2022 flens
732 1961 1078 2036 universus
1133 1962 1291 2023 ordo
1345 1961 1713 2022 cincinnatu

311 2053 565 2124 orabat3
600 2070 749 2112 nam
777 2052 938 2113 alter
963 2052 1073 2112 ille
1105 2051 1410 2112 horridus
1439 2055 1503 2112 et
1529 2068 1713 2112 sever

309 2140 484 2201 dorni
515 2142 906 2202 continebat.
937 2142 1074 2213 Qua
1103 2145 1242 2201 tum
1283 2142 1587 2219 superbia
1635 2158 1713 2201 cae

307 2228 524 2290 labes⁶
561 2230 950 2307 amplissimi
1001 2230 1246 2290 ordinis
1305 2247 1529 2308 preces
1584 2234 1648 2289 et
1698 2248 1713 2288 ‹

308 2319 545 2379 civium
577 2321 878 2380 lacrimas
908 2321 1293 2399 repudiavit,
1331 2338 1432 2380 me
1473 2320 1690 2398 ipsum

307 2408 523 2469 helluo
554 2409 836 2487 patriae‘11
871 2427 1023 2474 nam
1041 2409 1196 2487 quid
1223 2427 1341 2486 ego
1368 2409 1713 2486 patrimoni

358 2606 399 2650 1.
432 2602 656 2648 Turbine-³.
699 2604 790 2650 Les
828 2604 956 2650 deux
1007 2606 1202 2651 consuls
1309 2604 1515 2661 yreunit
1535 2606 1579 2650 le
1609 2604 1713 2651 Sena

302 2656 362 2703 de
390 2657 485 2701 l’an
503 2659 575 2709 58,
603 2660 888 2715 Calpurnius
909 2661 1021 2704 Piso
1046 2663 1091 2704 et
1113 2662 1204 2703 Ga·
1310 2660 1713 2704 senatus-consult

304 2713 488 2763 binius,
523 2724 637 2758 avec
657 2714 706 2756 la
734 2712 1000 2768 complicite
1024 2714 1081 2757 de
1101 2714 1204 2757 Clo·
1309 2717 1432 2757 mort
1479 2714 1561 2758 des
1595 2725 1701 2768 com

303 2764 430 2815 dius,
452 2766 495 2810 le
524 2768 686 2810 tribun
720 2767 926 2817 fomenti,
957 2768 1205 2811 boulever-
1310 2768 1425 2811 Voir
1448 2768 1605 2810 Oratio
1624 2768 1669 2809 in
1693 2726 1713 2810 ἐ

303 2819 476 2863 sentla
523 2820 822 2875 Republique
851 2832 1036 2865 comme
1059 2822 1203 2864 fei-ait
1362 2831 1401 2876 5,
1435 2829 1713 2873 Cincinnatm

301 2884 369 2915 un
391 2874 648 2918 tourbillon
667 2874 726 2918 de
746 2878 872 2918 vent.
893 2897 946 2906 —
967 2874 1198 2930 seneque,
1309 2907 1391 2936 ,ms
1424 2893 1593 2936 bomne
1612 2892 1669 2936 de
1684 2894 1713 2936 θ’

303 2927 463 2975 Qaaest.
487 2926 621 2978 Nat.,
658 2929 720 2977 V,
754 2940 843 2971 xm
867 2940 878 2969 z
908 2928 1073 2971 Ventus
1102 2929 1200 2969 cir·
1309 2926 1406 2991 aux’
1455 2947 1671 2990 cheveux

301 2984 524 3041 mamaccas
552 2986 597 3023 et
616 2980 811 3043 eumdem
839 2982 1039 3044 ambiens
1060 2982 1200 3024 locum
1309 3001 1431 3054 (voil-
1467 2999 1517 3042 la
1564 3002 1672 3044 note
1700 2999 1713 3042 ε

300 3037 346 3074 et
373 3044 531 3086 seipse
559 3039 776 3088 verteqme
797 3038 1042 3086 concitans,
1070 3035 1196 3075 turbo
1310 3054 1622 3097 Cincinnatus
1660 3052 1713 3096 et·

302 3091 384 3127 est·
1310 3107 1494 3151 celebre
1532 3107 1590 3151 L.
1616 3106 1709 3157 Qui

354 3139 399 3183 2.
424 3140 686 3195 Referrent.
721 3143 838 3185 Voir
866 3142 914 3184 la
957 3144 1067 3185 note
1091 3141 1120 3184 2
1141 3141 1199 3185 de
1365 3160 1410 3203 6,
1454 3160 1611 3202 Labeg,
1644 3161 1713 3203 νο

303 3192 352 3234 la
375 3193 532 3247 11:366.
575 3194 614 3236 11
653 3194 769 3239 etait
796 3195 862 3238 du
909 3195 1070 3238 devoir
1117 3193 1200 3237 des
1346 3245 1355 3255 ⁶
1384 3212 1483 3257 370,
1512 3238 1562 3245 -
1585 3213 1713 3257 Caenu

301 3247 496 3289 consuls
516 3248 620 3291 d'en
650 3248 827 3293 referet
846 3261 907 3291 au
929 3248 1089 3293 senat.
1340 3279 1445 3311 oue,
1467 3281 1491 3311 ,‚
1522 3268 1691 3311 Tel-me

354 3307 394 3354 3.
429 3310 595 3352 Vestem
621 3311 894 3353 nudandam.
917 3313 989 3353 On
1014 3311 1200 3366 prenait
1310 3323 1432 3365 comi
1471 3332 1554 3364 ues
1614 3321 1709 3375 (voi

301 3362 344 3405 le
364 3362 492 3405 deuii
521 3375 581 3407 en
619 3366 755 3419 signe
802 3365 1092 3427 dedouleur
1136 3377 1198 3409 au
1310 3333 1574 3429 pageqssg),
1599 3386 1674 3417 em
1711 3374 1713 3414 j

303 3418 514 3460 moment
536 3418 676 3461 d’une
705 3418 927 3463 calamite
955 3419 1197 3473 publique.
1310 3439 1398 3472 ron
1444 3428 1563 3471 daug
1601 3427 1646 3471 ιθ
1677 3385 1713 3467 [ᾗ

356 3475 396 3520 lo.
421 3478 476 3518 In
503 3478 594 3521 κᾶε
626 3480 897 3523 Concordia-3.
930 3481 994 3523 Le
1028 3482 1200 3536 temple
1314 3482 1351 3523 O
1372 3493 1552 3531 caennm,
1573 3486 1713 3534 oport

303 3530 360 3573 de
385 3532 433 3574 la
451 3533 710 3584 concorde,
742 3546 805 3579 au
834 3534 944 3589 pied
976 3535 1042 3577 du
1071 3537 1205 3579 mont
1363 3533 1405 3579 7.
1458 3534 1636 3577 Helluo.
1691 3535 1713 3575 Ε

302 3584 556 3638 capitolin,
569 3586 674 3641 pres
707 3588 773 3631 du
793 3590 986 3631 Forum.
1003 3587 1203 3632 Cicer-on
1315 3588 1440 3633 celui
1462 3588 1546 3641 qui
1566 3588 1711 3631 devor
