2570 4026
350 311 468 369 ⁹234
614 327 722 369 nEs
766 311 1066 370 VERR'INES
1108 326 1227 370 Aux
1266 321 1557 371 nlscouns
1599 323 1997 369 consummas

346 462 606 536 muerit,
667 463 779 541 qui
837 479 907 522 se
961 465 1252 522 armatus
1304 478 1474 541 saepe
1533 462 1603 522 in
1642 461 1935 522 hostium
1991 477 2273 520 manum

346 549 966 628 multitudinemque
998 551 1370 624 immiserit,
1405 551 1653 636 cumin
1689 550 1840 628 ejus
1889 548 2066 610 modi
2102 550 2279 627 peri-

349 639 514 702 culis
550 641 778 710 eadem
825 657 893 700 se
932 640 1173 702 solacia
1201 643 1218 675 1
1266 641 1404 702 suis
1431 642 1796 719 relinquere
1824 639 2272 707 arbitraretur,

350 748 494 809 quae
534 747 698 792 suus
746 735 930 809 pater
957 730 1080 791 sibi
1124 730 1522 808 reliquisset,
1587 729 1761 790 idem
1810 745 1983 789 nunc
2013 732 2281 790 contur-

349 820 497 881 bato
524 821 748 881 animo
775 821 1202 899 pertimescit,
1245 837 1327 880 ne
1363 837 1496 880 non
1539 818 1733 880 modo
1775 815 2158 882 ornamento
2207 823 2281 900 et

351 907 728 986 adjumento
759 927 891 970 non
917 910 1004 970 sit
1033 909 1192 981 suiS,
1241 909 1357 970 sed
1399 910 1594 970 etiam
1636 926 1788 969 cum
1838 907 2275 972 acerbissimo

348 995 530 1060 luctu
578 999 861 1059 dedecus
920 1003 1233 1059 aeternum
1294 999 1556 1060 miseris
1607 1003 1797 1076 atque
1841 996 2276 1076 ignominiam

352 1087 696 1165 relinquat.
733 1089 830 1147 49.
865 1088 913 1149 Ο
946 1087 1315 1148 fortunam²
1347 1087 1541 1167 longe
1575 1087 1925 1166 disparem,
1976 1089 2031 1147 M
2041 1108 2072 1145 .’
2099 1087 2274 1164 Fon-

355 1178 461 1250 tei,
509 1178 565 1237 si
607 1176 886 1256 deligere
932 1179 1283 1255 potuisses,
1336 1183 1408 1238 ut
1457 1178 1675 1256 potius
1706 1176 1855 1254 telis
1884 1177 1999 1236 tibi
2050 1175 2273 1254 Gallo-

351 1284 520 1339 rum,
553 1285 749 1344 quam
792 1267 1101 1345 perjuriis
1136 1266 1598 1329 intereundum
1629 1268 1837 1327 essetl
1886 1268 2047 1326 Tum
2088 1266 2270 1329 enim

351 1357 492 1418 vitae
520 1357 700 1418 socia
726 1357 954 1430 virtus,
1002 1359 1231 1418 mortis
1271 1374 1495 1420 comes
1540 1352 1748 1434 gloria
1792 1354 2045 1417 fuisset.
2084 1358 2272 1416 Nunc

347 1464 502 1507 vero
534 1447 646 1525 qui
677 1452 777 1507 est
805 1446 990 1508 dolor
1015 1448 1303 1509 victoriae
1333 1452 1395 1508 te
1427 1450 1617 1526 atque
1641 1446 1899 1524 imperii
1918 1463 2155 1525 poenas
2183 1447 2272 1507 ad

348 1555 579 1614 eorum
622 1536 968 1598 arbitrium
1017 1538 1309 1610 sufferre,
1359 1537 1468 1615 qui
1507 1540 1618 1597 aut
1658 1535 1810 1597 victi
1841 1536 2045 1596 armis
2089 1542 2266 1608 sunt,

349 1630 462 1687 aut
498 1626 874 1687 invitissimi
907 1628 1299 1704 paruerunt!
1352 1628 1402 1686 A
1440 1643 1567 1704 quo
1599 1625 1887 1704 periculo
1915 1624 2269 1698 defendite,

346 1714 628 1794 judiceS,
663 1716 873 1776 civem
923 1716 1159 1777 fortem
1213 1721 1407 1793 atque
1449 1716 1897 1788 innocentem;
1944 1720 2165 1777 curate
2196 1720 2275 1777 ut

322 1805 595 1866 nostris
652 1807 930 1866 testibus
989 1806 1137 1884 plus
1207 1823 1404 1883 quam
1463 1804 1848 1883 alienigenis
1905 1804 2271 1866 credidisse

351 1895 725 1967 videamini,
757 1895 902 1973 plus
931 1894 1124 1956 saluti
1156 1896 1401 1955 civium
1435 1912 1632 1973 quam
1677 1893 1969 1954 hostium
2014 1894 2274 1955 libidini

353 1984 791 2058 consuluisse,
836 1985 1203 2064 graviorem
1253 1983 1516 2046 duxisse
1566 1984 1711 2062 ejus
1748 1983 2275 2046 obsecrationem

355 2094 496 2154 quae
528 2076 764 2136 vestris
793 2076 994 2137 sacris
1023 2074 1265 2153 praesit,
1301 2093 1499 2154 quam
1525 2092 1756 2136 eorum
1786 2074 2128 2136 audaciam
2155 2075 2274 2150 qui

353 2184 503 2227 cum
526 2166 823 2225 omnium
847 2166 1049 2227 sacris
1075 2164 1500 2243 delubrisque
1526 2165 1694 2226 bella
1717 2169 2082 2242 gesserunt.
2117 2164 2277 2223 Pos-

349 2261 560 2318 tremo
619 2256 994 2334 prospicite,
1050 2254 1333 2332 judiceS,
1399 2255 1465 2314 id
1523 2254 1697 2334 quod
1748 2252 1829 2314 ad
1882 2252 2272 2330 dignitatem

349 2345 573 2424 populi
621 2345 896 2406 Romani
952 2343 1237 2404 maxime
1280 2344 1581 2422 pertinet,
1642 2345 1714 2403 ut
1766 2341 1913 2420 plus
1946 2341 2117 2421 apud
2148 2358 2272 2401 vos

347 2452 573 2513 preces
614 2435 883 2512 virginis
925 2433 1224 2507 VestaliS‚
1267 2451 1465 2513 quam
1509 2433 1702 2494 minae
1743 2431 2073 2495 Gallorum
2103 2433 2123 2465 ³
2168 2449 2281 2492 va-

345 2518 547 2585 luisse
578 2524 936 2585 videantur.

798 2766 875 2822 11.
914 2796 988 2809 --
1027 2767 1122 2847 LE
1161 2787 1191 2815 «
1233 2766 1393 2820 Pflo
1442 2763 1763 2820 CAECINA
1794 2785 1821 2814 „

418 2957 496 3013 La
524 2957 716 3012 meme
738 2958 925 3011 annee
956 2954 1033 3011 οὐ
1063 2953 1106 3009 il
1135 2953 1441 3009 defendait
1481 2953 1783 3021 Fonteius„
1835 2953 2080 3009 Ciceron
2124 2953 2280 3025 plai-

345 3038 468 3094 dait
524 3054 599 3092 en
647 3037 850 3092 favetir
906 3035 978 3091 de
1042 3036 1275 3091 Coecina
1339 3035 1488 3090 dans
1534 3049 1618 3089 un
1664 3032 1869 3107 proces
1925 3033 2273 3106 d'heritage,

394 3200 434 3241 1.
466 3198 663 3238 Solacia.
684 3199 774 3240 Ces
798 3197 1124 3240 consolations
1144 3199 1253 3239 sont
1363 3197 1466 3238 tout
1485 3206 1538 3240 ce
1592 3205 1762 3250 assage
1779 3204 1894 3237 avec
1915 3195 1962 3237 la
1991 3192 2278 3250 pei-oraison

344 3253 392 3295 la
423 3253 570 3307 gloire
598 3250 739 3294 d'une
770 3252 894 3293 mort
918 3250 1176 3293 honorable
1206 3252 1252 3292 et
1361 3247 1423 3291 du
1443 3248 1535 3290 Pro
1615 3248 1744 3290 itone.

342 3306 457 3348 utile
478 3304 507 3346 a
525 3305 572 3347 la
601 3305 769 3358 patrie.
790 3301 986 3346 ciceron
1008 3315 1037 3345 a
1056 3300 1250 3345 raconte
1409 3304 1452 3344 3.
1485 3301 1625 3343 Minae
1656 3300 1903 3343 Gallorum.
1938 3302 2061 3345 C'est
2079 3302 2123 3344 le
2158 3304 2280 3347 traxit

342 3359 497 3411 (xvm,
519 3357 587 3410 101)
610 3368 702 3412 que
733 3358 776 3400 le
802 3357 911 3411 pere
937 3357 993 3401 de
1024 3357 1250 3399 Fonteius
1361 3354 1417 3399 de
1438 3357 1486 3398 la
1505 3354 1593 3405 fin,
1618 3355 1651 3397 il
1680 3355 1801 3398 n'est
1824 3356 1933 3409 plus
1963 3355 2184 3409 question
2210 3356 2275 3400 de

345 3415 535 3454 mourut
576 3413 1003 3467 courageusement
1038 3421 1158 3463 pour
1197 3422 1250 3453 sa
1359 3409 1650 3452 l'innocence
1666 3408 1722 3452 de
1739 3408 2041 3464 Fonteiusssde
2061 3408 2276 3462 laquelle

346 3466 511 3518 patrie,
538 3476 599 3507 au
639 3465 1047 3507 commencement
1092 3464 1149 3506 de
1201 3464 1250 3506 la
1359 3462 1561 3505 l'avocat
1626 3462 1804 3505 semble
1860 3473 1950 3515 peu
2003 3459 2273 3514 persuade3

376 3529 513 3561 ueri-e
529 3519 727 3569 Sociale,
741 3519 932 3562 victime
947 3518 1004 3561 de
1022 3518 1066 3560 la
1082 3519 1247 3561 fureur
1361 3517 1492 3559 aussi
1514 3516 1662 3559 fait-il
1680 3528 1708 3557 a
1741 3515 1814 3569 pel
1832 3515 1861 3558 a
1878 3515 2273 3576 l’amour—propre

379 3582 431 3613 es
452 3571 691 3614 habitante
714 3572 1005 3615 d'Asculum.
1360 3570 1575 3613 national
1599 3569 1682 3611 des
1746 3569 1953 3613 omains.
1972 3569 2087 3611 Voir
2108 3567 2156 3610 la
2171 3578 2224 3613 n.
2242 3572 2275 3613 3

400 3626 441 3667 Q.
475 3626 510 3664 0
530 3625 770 3681 fortunam.
802 3627 838 3668 ΙΙ
866 3626 969 3669 faut
1003 3636 1249 3683 comparet·
1357 3624 1415 3668 de
1446 3623 1493 3667 la
1521 3632 1640 3679 page
1662 3624 1760 3667 239·
