<?xml version="1.0" encoding="UTF-8"?>
<!DOCTYPE html PUBLIC "-//W3C//DTD XHTML 1.0 Transitional//EN"
    "http://www.w3.org/TR/xhtml1/DTD/xhtml1-transitional.dtd">
<html xmlns="http://www.w3.org/1999/xhtml" xml:lang="en" lang="en">
 <head>
  <title>
</title>
<meta http-equiv="Content-Type" content="text/html;charset=utf-8" />
  <meta name='ocr-system' content='tesseract 3.04.00' />
  <meta name='ocr-capabilities' content='ocr_page ocr_carea ocr_par ocr_line ocrx_word'/>
</head>
<body>
  <div class='ocr_page' id='page_1' title='image "./extraitsetanaly00mirmgoog_0417.png"; bbox 0 0 2570 4026; ppageno 0'>
   <div class='ocr_carea' id='block_1_1' title="bbox 911 320 1623 365">
    <p class='ocr_par' dir='ltr' id='par_1_1' title="bbox 911 320 1623 365">
     <span class='ocr_line' id='line_1_1' title="bbox 911 320 1623 365; baseline 0.001 -1"><span class='ocrx_word' id='word_1_1' title='bbox 911 320 983 364; x_wconf 81' lang='lat' dir='ltr'>LE</span> <span class='ocrx_word' id='word_1_2' title='bbox 1031 330 1058 358; x_wconf 93' lang='lat'>«</span> <span class='ocrx_word' id='word_1_3' title='bbox 1109 322 1220 364; x_wconf 83' lang='lat' dir='ltr'>PRO</span> <span class='ocrx_word' id='word_1_4' title='bbox 1266 323 1329 364; x_wconf 90' lang='lat' dir='ltr'>M.</span> <span class='ocrx_word' id='word_1_5' title='bbox 1378 323 1559 365; x_wconf 71' lang='lat' dir='ltr'>CAELlO</span> <span class='ocrx_word' id='word_1_6' title='bbox 1595 330 1623 360; x_wconf 85' lang='lat'>»</span> 
     </span>
    </p>
   </div>
   <div class='ocr_carea' id='block_1_2' title="bbox 306 455 1841 1408">
    <p class='ocr_par' dir='ltr' id='par_1_2' title="bbox 306 455 1841 1408">
     <span class='ocr_line' id='line_1_2' title="bbox 311 455 1827 527; baseline 0.001 -13"><span class='ocrx_word' id='word_1_7' title='bbox 311 455 487 527; x_wconf 81' lang='lat' dir='ltr'>cium</span> <span class='ocrx_word' id='word_1_8' title='bbox 524 457 538 489; x_wconf 86' lang='lat'><strong>¹</strong></span> <span class='ocrx_word' id='word_1_9' title='bbox 569 460 688 527; x_wconf 87' lang='lat' dir='ltr'>est,</span> <span class='ocrx_word' id='word_1_10' title='bbox 720 473 849 517; x_wconf 92' lang='lat' dir='ltr'>non</span> <span class='ocrx_word' id='word_1_11' title='bbox 877 458 1222 517; x_wconf 83' lang='lat' dir='ltr'>accusatiO.</span> <span class='ocrx_word' id='word_1_12' title='bbox 1246 456 1510 515; x_wconf 88' lang='lat' dir='ltr'>Nullum</span> <span class='ocrx_word' id='word_1_13' title='bbox 1534 461 1633 516; x_wconf 88' lang='lat' dir='ltr'>est</span> <span class='ocrx_word' id='word_1_14' title='bbox 1655 458 1827 515; x_wconf 89' lang='lat' dir='ltr'>enim</span> 
     </span>
     <span class='ocr_line' id='line_1_3' title="bbox 310 544 1841 619; baseline 0 -15"><span class='ocrx_word' id='word_1_15' title='bbox 310 549 453 604; x_wconf 88' lang='lat' dir='ltr'>tum</span> <span class='ocrx_word' id='word_1_16' title='bbox 517 546 753 605; x_wconf 87' lang='lat' dir='ltr'>horum</span> <span class='ocrx_word' id='word_1_17' title='bbox 835 546 1206 619; x_wconf 85' lang='lat' dir='ltr'>criminum,</span> <span class='ocrx_word' id='word_1_18' title='bbox 1292 547 1468 606; x_wconf 88' lang='lat' dir='ltr'>nulla</span> <span class='ocrx_word' id='word_1_19' title='bbox 1534 544 1744 606; x_wconf 77' lang='lat' dir='ltr'>sedes,</span> <span class='ocrx_word' id='word_1_20' title='bbox 1803 546 1841 605; x_wconf 60' lang='lat' dir='ltr'><strong>W</strong></span> 
     </span>
     <span class='ocr_line' id='line_1_4' title="bbox 313 635 1834 709; baseline 0.001 -16"><span class='ocrx_word' id='word_1_21' title='bbox 313 635 824 708; x_wconf 81' lang='lat' dir='ltr'>contumeliosae,</span> <span class='ocrx_word' id='word_1_22' title='bbox 857 639 1099 694; x_wconf 86' lang='lat' dir='ltr'>temere</span> <span class='ocrx_word' id='word_1_23' title='bbox 1128 636 1205 694; x_wconf 90' lang='lat' dir='ltr'>ab</span> <span class='ocrx_word' id='word_1_24' title='bbox 1239 635 1398 694; x_wconf 87' lang='lat' dir='ltr'>irato</span> <span class='ocrx_word' id='word_1_25' title='bbox 1438 640 1834 709; x_wconf 81' lang='lat' dir='ltr'>accusatore,</span> 
     </span>
     <span class='ocr_line' id='line_1_5' title="bbox 312 723 1841 795; baseline 0.001 -15"><span class='ocrx_word' id='word_1_26' title='bbox 312 727 475 791; x_wconf 83' lang='lat' dir='ltr'>tore,</span> <span class='ocrx_word' id='word_1_27' title='bbox 496 723 776 782; x_wconf 71' lang='lat' dir='ltr'>emissae.</span> <span class='ocrx_word' id='word_1_28' title='bbox 804 725 902 783; x_wconf 87' lang='lat'>31.</span> <span class='ocrx_word' id='word_1_29' title='bbox 935 724 1177 782; x_wconf 89' lang='lat' dir='ltr'>Horum</span> <span class='ocrx_word' id='word_1_30' title='bbox 1197 725 1472 795; x_wconf 85' lang='lat' dir='ltr'>duorum</span> <span class='ocrx_word' id='word_1_31' title='bbox 1502 725 1841 784; x_wconf 87' lang='lat' dir='ltr'>criminum</span> 
     </span>
     <span class='ocr_line' id='line_1_6' title="bbox 314 812 1841 886; baseline 0 -14"><span class='ocrx_word' id='word_1_32' title='bbox 314 818 468 886; x_wconf 86' lang='lat' dir='ltr'>tem,</span> <span class='ocrx_word' id='word_1_33' title='bbox 503 812 689 872; x_wconf 89' lang='lat' dir='ltr'>vidco</span> <span class='ocrx_word' id='word_1_34' title='bbox 721 817 1074 884; x_wconf 79' lang='lat' dir='ltr'>auctorem,</span> <span class='ocrx_word' id='word_1_35' title='bbox 1106 812 1293 872; x_wconf 89' lang='lat' dir='ltr'>video</span> <span class='ocrx_word' id='word_1_36' title='bbox 1336 817 1583 872; x_wconf 85' lang='lat' dir='ltr'>certum</span> <span class='ocrx_word' id='word_1_37' title='bbox 1629 831 1841 872; x_wconf 77' lang='lat' dir='ltr'>nome]</span> 
     </span>
     <span class='ocr_line' id='line_1_7' title="bbox 313 900 1841 979; baseline 0.001 -19"><span class='ocrx_word' id='word_1_38' title='bbox 313 902 484 961; x_wconf 87' lang='lat' dir='ltr'>Auro</span> <span class='ocrx_word' id='word_1_39' title='bbox 517 918 680 979; x_wconf 89' lang='lat' dir='ltr'>opus</span> <span class='ocrx_word' id='word_1_40' title='bbox 707 901 829 960; x_wconf 82' lang='lat' dir='ltr'>suit</span> <span class='ocrx_word' id='word_1_41' title='bbox 862 919 875 960; x_wconf 73' lang='grc' dir='ltr'>ε</span> <span class='ocrx_word' id='word_1_42' title='bbox 913 902 1194 978; x_wconf 83' lang='lat' dir='ltr'>sumpsit</span> <span class='ocrx_word' id='word_1_43' title='bbox 1220 919 1256 961; x_wconf 91' lang='lat' dir='ltr'>a</span> <span class='ocrx_word' id='word_1_44' title='bbox 1291 900 1529 973; x_wconf 87' lang='lat' dir='ltr'>Clodia,</span> <span class='ocrx_word' id='word_1_45' title='bbox 1572 903 1841 979; x_wconf 81' lang='lat' dir='ltr'>sumpsit</span> 
     </span>
     <span class='ocr_line' id='line_1_8' title="bbox 312 990 1841 1068; baseline 0.001 -19"><span class='ocrx_word' id='word_1_46' title='bbox 312 991 541 1050; x_wconf 88' lang='lat' dir='ltr'>habuit</span> <span class='ocrx_word' id='word_1_47' title='bbox 570 990 883 1068; x_wconf 83' lang='lat' dir='ltr'>quamdiu</span> <span class='ocrx_word' id='word_1_48' title='bbox 928 991 1150 1050; x_wconf 85' lang='lat' dir='ltr'>voluit.</span> <span class='ocrx_word' id='word_1_49' title='bbox 1199 991 1549 1049; x_wconf 86' lang='lat' dir='ltr'>Maximum</span> <span class='ocrx_word' id='word_1_50' title='bbox 1600 990 1788 1051; x_wconf 91' lang='lat' dir='ltr'>video</span> <span class='ocrx_word' id='word_1_51' title='bbox 1833 1011 1841 1050; x_wconf 74' lang='grc' dir='ltr'><strong><em>ε</em></strong></span> 
     </span>
     <span class='ocr_line' id='line_1_9' title="bbox 306 1077 1841 1158; baseline 0 -19"><span class='ocrx_word' id='word_1_52' title='bbox 306 1079 575 1157; x_wconf 89' lang='lat' dir='ltr'>jusdam</span> <span class='ocrx_word' id='word_1_53' title='bbox 605 1081 879 1158; x_wconf 72' lang='lat' dir='ltr'>egregiae</span> <span class='ocrx_word' id='word_1_54' title='bbox 912 1077 1389 1139; x_wconf 77' lang='lat' dir='ltr'><strong>familiaritatis,</strong></span> <span class='ocrx_word' id='word_1_55' title='bbox 1412 1081 1650 1141; x_wconf 89' lang='lat' dir='ltr'>Necare</span> <span class='ocrx_word' id='word_1_56' title='bbox 1672 1097 1841 1139; x_wconf 78' lang='lat' dir='ltr'>eam(</span> 
     </span>
     <span class='ocr_line' id='line_1_10' title="bbox 318 1169 1832 1246; baseline 0.002 -20"><span class='ocrx_word' id='word_1_57' title='bbox 318 1170 617 1246; x_wconf 80' lang='lat' dir='ltr'>quaesivit</span> <span class='ocrx_word' id='word_1_58' title='bbox 646 1186 993 1240; x_wconf 87' lang='lat' dir='ltr'>venenum,</span> <span class='ocrx_word' id='word_1_59' title='bbox 1049 1169 1419 1228; x_wconf 87' lang='lat' dir='ltr'>sollicitavit</span> <span class='ocrx_word' id='word_1_60' title='bbox 1458 1186 1620 1245; x_wconf 88' lang='lat' dir='ltr'>quos</span> <span class='ocrx_word' id='word_1_61' title='bbox 1679 1174 1832 1246; x_wconf 86' lang='lat' dir='ltr'>potu</span> 
     </span>
     <span class='ocr_line' id='line_1_11' title="bbox 314 1258 1841 1334; baseline 0.001 -17"><span class='ocrx_word' id='word_1_62' title='bbox 314 1259 531 1319; x_wconf 90' lang='lat' dir='ltr'>locum</span> <span class='ocrx_word' id='word_1_63' title='bbox 564 1259 923 1329; x_wconf 81' lang='lat' dir='ltr'>constituit,</span> <span class='ocrx_word' id='word_1_64' title='bbox 955 1258 1186 1317; x_wconf 86' lang='lat' dir='ltr'>attulit.</span> <span class='ocrx_word' id='word_1_65' title='bbox 1223 1260 1522 1334; x_wconf 84' lang='lat' dir='ltr'>Magnum</span> <span class='ocrx_word' id='word_1_66' title='bbox 1542 1275 1769 1319; x_wconf 84' lang='lat' dir='ltr'>rursus</span> <span class='ocrx_word' id='word_1_67' title='bbox 1794 1277 1841 1319; x_wconf 70' lang='lat' dir='ltr'>o&lt;</span> 
     </span>
     <span class='ocr_line' id='line_1_12' title="bbox 314 1346 1681 1408; baseline -0.001 0"><span class='ocrx_word' id='word_1_68' title='bbox 314 1365 465 1408; x_wconf 92' lang='lat' dir='ltr'>cum</span> <span class='ocrx_word' id='word_1_69' title='bbox 494 1348 946 1408; x_wconf 88' lang='lat' dir='ltr'>crudelissimo</span> <span class='ocrx_word' id='word_1_70' title='bbox 966 1346 1239 1406; x_wconf 89' lang='lat' dir='ltr'>discidio</span> <span class='ocrx_word' id='word_1_71' title='bbox 1277 1348 1299 1381; x_wconf 75' lang='lat'>‘²</span> <span class='ocrx_word' id='word_1_72' title='bbox 1333 1348 1681 1407; x_wconf 85' lang='lat' dir='ltr'>exstitisse.</span> 
     </span>
    </p>
   </div>
   <div class='ocr_carea' id='block_1_3' title="bbox 317 1443 1841 2773">
    <p class='ocr_par' dir='ltr' id='par_1_3' title="bbox 317 1443 1841 2773">
     <span class='ocr_line' id='line_1_13' title="bbox 397 1443 1841 1522; baseline -0.001 -17"><span class='ocrx_word' id='word_1_73' title='bbox 397 1443 521 1506; x_wconf 88' lang='lat' dir='ltr'>Res</span> <span class='ocrx_word' id='word_1_74' title='bbox 553 1451 651 1506; x_wconf 87' lang='lat' dir='ltr'>est</span> <span class='ocrx_word' id='word_1_75' title='bbox 676 1446 890 1506; x_wconf 88' lang='lat' dir='ltr'>omnis</span> <span class='ocrx_word' id='word_1_76' title='bbox 919 1447 985 1505; x_wconf 90' lang='lat' dir='ltr'>in</span> <span class='ocrx_word' id='word_1_77' title='bbox 1015 1445 1134 1505; x_wconf 87' lang='lat' dir='ltr'>hac</span> <span class='ocrx_word' id='word_1_78' title='bbox 1155 1462 1355 1505; x_wconf 91' lang='lat' dir='ltr'>causa</span> <span class='ocrx_word' id='word_1_79' title='bbox 1374 1445 1588 1516; x_wconf 81' lang='lat' dir='ltr'>nobiS,</span> <span class='ocrx_word' id='word_1_80' title='bbox 1616 1446 1841 1522; x_wconf 78' lang='lat' dir='ltr'>judice</span> 
     </span>
     <span class='ocr_line' id='line_1_14' title="bbox 318 1534 1840 1611; baseline 0.001 -17"><span class='ocrx_word' id='word_1_81' title='bbox 318 1535 442 1611; x_wconf 90' lang='lat' dir='ltr'>dia,</span> <span class='ocrx_word' id='word_1_82' title='bbox 473 1535 743 1594; x_wconf 87' lang='lat' dir='ltr'>muliere</span> <span class='ocrx_word' id='word_1_83' title='bbox 775 1553 907 1594; x_wconf 90' lang='lat' dir='ltr'>non</span> <span class='ocrx_word' id='word_1_84' title='bbox 965 1534 1180 1594; x_wconf 89' lang='lat' dir='ltr'>solum</span> <span class='ocrx_word' id='word_1_85' title='bbox 1202 1535 1453 1608; x_wconf 62' lang='lat' dir='ltr'>mobili,</span> <span class='ocrx_word' id='word_1_86' title='bbox 1490 1535 1604 1595; x_wconf 89' lang='lat' dir='ltr'>sed</span> <span class='ocrx_word' id='word_1_87' title='bbox 1645 1536 1840 1595; x_wconf 85' lang='lat' dir='ltr'>etiam</span> 
     </span>
     <span class='ocr_line' id='line_1_15' title="bbox 317 1623 1841 1702; baseline -0.001 -17"><span class='ocrx_word' id='word_1_88' title='bbox 317 1643 440 1702; x_wconf 87' lang='lat' dir='ltr'>qua</span> <span class='ocrx_word' id='word_1_89' title='bbox 463 1642 581 1702; x_wconf 85' lang='lat' dir='ltr'>ego</span> <span class='ocrx_word' id='word_1_90' title='bbox 608 1626 769 1684; x_wconf 89' lang='lat' dir='ltr'>nihil</span> <span class='ocrx_word' id='word_1_91' title='bbox 819 1625 1052 1697; x_wconf 88' lang='lat' dir='ltr'>dicam,</span> <span class='ocrx_word' id='word_1_92' title='bbox 1082 1624 1208 1683; x_wconf 87' lang='lat' dir='ltr'>nisi</span> <span class='ocrx_word' id='word_1_93' title='bbox 1248 1623 1613 1701; x_wconf 81' lang='lat' dir='ltr'>depellendi</span> <span class='ocrx_word' id='word_1_94' title='bbox 1664 1625 1841 1683; x_wconf 84' lang='lat' dir='ltr'>crimi</span> 
     </span>
     <span class='ocr_line' id='line_1_16' title="bbox 317 1714 1802 1791; baseline -0.001 -17"><span class='ocrx_word' id='word_1_95' title='bbox 317 1717 416 1774; x_wconf 76' lang='lat'>32.</span> <span class='ocrx_word' id='word_1_96' title='bbox 492 1714 615 1774; x_wconf 88' lang='lat' dir='ltr'>Sed</span> <span class='ocrx_word' id='word_1_97' title='bbox 677 1715 1000 1791; x_wconf 83' lang='lat' dir='ltr'>intellegis</span> <span class='ocrx_word' id='word_1_98' title='bbox 1083 1730 1198 1789; x_wconf 88' lang='lat' dir='ltr'>pro</span> <span class='ocrx_word' id='word_1_99' title='bbox 1284 1717 1394 1773; x_wconf 90' lang='lat' dir='ltr'>tua</span> <span class='ocrx_word' id='word_1_100' title='bbox 1472 1716 1802 1790; x_wconf 83' lang='lat' dir='ltr'>praestanti</span> 
     </span>
     <span class='ocr_line' id='line_1_17' title="bbox 319 1802 1838 1881; baseline -0.001 -16"><span class='ocrx_word' id='word_1_101' title='bbox 319 1805 429 1865; x_wconf 88' lang='lat' dir='ltr'>Cn.</span> <span class='ocrx_word' id='word_1_102' title='bbox 469 1805 706 1865; x_wconf 88' lang='lat' dir='ltr'>Domiti</span> <span class='ocrx_word' id='word_1_103' title='bbox 733 1807 777 1881; x_wconf 65' lang='lat'>²,</span> <span class='ocrx_word' id='word_1_104' title='bbox 812 1821 962 1863; x_wconf 89' lang='lat' dir='ltr'>cum</span> <span class='ocrx_word' id='word_1_105' title='bbox 997 1803 1115 1863; x_wconf 90' lang='lat' dir='ltr'>hac</span> <span class='ocrx_word' id='word_1_106' title='bbox 1138 1802 1277 1861; x_wconf 83' lang='lat' dir='ltr'>sola</span> <span class='ocrx_word' id='word_1_107' title='bbox 1308 1820 1444 1862; x_wconf 89' lang='lat' dir='ltr'>rem</span> <span class='ocrx_word' id='word_1_108' title='bbox 1472 1818 1617 1862; x_wconf 89' lang='lat' dir='ltr'>esse</span> <span class='ocrx_word' id='word_1_109' title='bbox 1650 1804 1838 1864; x_wconf 89' lang='lat' dir='ltr'>nobis</span> 
     </span>
     <span class='ocr_line' id='line_1_18' title="bbox 319 1891 1841 1964; baseline 0 -11"><span class='ocrx_word' id='word_1_110' title='bbox 319 1912 551 1953; x_wconf 87' lang='lat' dir='ltr'>aurum</span> <span class='ocrx_word' id='word_1_111' title='bbox 584 1895 775 1955; x_wconf 82' lang='lat' dir='ltr'>Caelio</span> <span class='ocrx_word' id='word_1_112' title='bbox 803 1892 1255 1953; x_wconf 84' lang='lat' dir='ltr'>commodasse</span> <span class='ocrx_word' id='word_1_113' title='bbox 1299 1909 1432 1952; x_wconf 90' lang='lat' dir='ltr'>non</span> <span class='ocrx_word' id='word_1_114' title='bbox 1473 1891 1649 1964; x_wconf 87' lang='lat' dir='ltr'>dicit,</span> <span class='ocrx_word' id='word_1_115' title='bbox 1694 1894 1748 1952; x_wconf 88' lang='lat' dir='ltr'>si</span> <span class='ocrx_word' id='word_1_116' title='bbox 1781 1911 1841 1954; x_wconf 70' lang='lat' dir='ltr'>v(</span> 
     </span>
     <span class='ocr_line' id='line_1_19' title="bbox 320 1981 1840 2064; baseline -0.001 -21"><span class='ocrx_word' id='word_1_117' title='bbox 320 1983 444 2044; x_wconf 93' lang='lat' dir='ltr'>hoc</span> <span class='ocrx_word' id='word_1_118' title='bbox 472 1984 595 2044; x_wconf 89' lang='lat' dir='ltr'>sibi</span> <span class='ocrx_word' id='word_1_119' title='bbox 624 1987 918 2064; x_wconf 90' lang='lat' dir='ltr'>paratum</span> <span class='ocrx_word' id='word_1_120' title='bbox 952 1998 1096 2043; x_wconf 87' lang='lat' dir='ltr'>esse</span> <span class='ocrx_word' id='word_1_121' title='bbox 1122 1998 1254 2041; x_wconf 93' lang='lat' dir='ltr'>non</span> <span class='ocrx_word' id='word_1_122' title='bbox 1288 1981 1517 2059; x_wconf 84' lang='lat' dir='ltr'>arguit,</span> <span class='ocrx_word' id='word_1_123' title='bbox 1548 1983 1840 2059; x_wconf 88' lang='lat' dir='ltr'>petulant</span> 
     </span>
     <span class='ocr_line' id='line_1_20' title="bbox 321 2068 1841 2147; baseline -0.001 -15"><span class='ocrx_word' id='word_1_124' title='bbox 321 2074 376 2132; x_wconf 92' lang='lat' dir='ltr'>si</span> <span class='ocrx_word' id='word_1_125' title='bbox 409 2077 682 2133; x_wconf 86' lang='lat' dir='ltr'>matrem</span> <span class='ocrx_word' id='word_1_126' title='bbox 709 2072 988 2132; x_wconf 87' lang='lat' dir='ltr'>familias</span> <span class='ocrx_word' id='word_1_127' title='bbox 1009 2068 1029 2101; x_wconf 79' lang='lat'><strong>⁵</strong></span> <span class='ocrx_word' id='word_1_128' title='bbox 1057 2088 1269 2139; x_wconf 83' lang='lat' dir='ltr'>secuS,</span> <span class='ocrx_word' id='word_1_129' title='bbox 1305 2088 1498 2147; x_wconf 87' lang='lat' dir='ltr'>quam</span> <span class='ocrx_word' id='word_1_130' title='bbox 1529 2076 1841 2131; x_wconf 76' lang='lat' dir='ltr'>matronal</span> 
     </span>
     <span class='ocr_line' id='line_1_21' title="bbox 323 2160 1841 2240; baseline -0.003 -18"><span class='ocrx_word' id='word_1_131' title='bbox 323 2166 420 2222; x_wconf 89' lang='lat' dir='ltr'>tas</span> <span class='ocrx_word' id='word_1_132' title='bbox 452 2161 752 2240; x_wconf 85' lang='lat' dir='ltr'>postulat,</span> <span class='ocrx_word' id='word_1_133' title='bbox 796 2162 1246 2221; x_wconf 80' lang='lat' dir='ltr'>nominamus,</span> <span class='ocrx_word' id='word_1_134' title='bbox 1305 2161 1435 2231; x_wconf 83' lang='lat' dir='ltr'>Sin,</span> <span class='ocrx_word' id='word_1_135' title='bbox 1498 2160 1621 2219; x_wconf 87' lang='lat' dir='ltr'>ista</span> <span class='ocrx_word' id='word_1_136' title='bbox 1665 2160 1841 2219; x_wconf 70' lang='lat' dir='ltr'>muli«</span> 
     </span>
     <span class='ocr_line' id='line_1_22' title="bbox 320 2250 1834 2327; baseline -0.001 -18"><span class='ocrx_word' id='word_1_137' title='bbox 320 2267 442 2310; x_wconf 92' lang='lat' dir='ltr'>nec</span> <span class='ocrx_word' id='word_1_138' title='bbox 473 2251 718 2325; x_wconf 76' lang='lat' dir='ltr'>crimen</span> <span class='ocrx_word' id='word_1_139' title='bbox 748 2251 1118 2326; x_wconf 88' lang='lat' dir='ltr'>ullu1n,nec</span> <span class='ocrx_word' id='word_1_140' title='bbox 1149 2266 1306 2327; x_wconf 91' lang='lat' dir='ltr'>opes</span> <span class='ocrx_word' id='word_1_141' title='bbox 1339 2250 1417 2309; x_wconf 90' lang='lat' dir='ltr'>ad</span> <span class='ocrx_word' id='word_1_142' title='bbox 1445 2253 1834 2327; x_wconf 82' lang='lat' dir='ltr'>oppugnand</span> 
     </span>
     <span class='ocr_line' id='line_1_23' title="bbox 325 2337 1841 2417; baseline 0 -19"><span class='ocrx_word' id='word_1_143' title='bbox 325 2339 451 2399; x_wconf 90' lang='lat' dir='ltr'>illis</span> <span class='ocrx_word' id='word_1_144' title='bbox 478 2341 951 2417; x_wconf 84' lang='lat' dir='ltr'>relinquuntur,</span> <span class='ocrx_word' id='word_1_145' title='bbox 984 2340 1137 2416; x_wconf 84' lang='lat' dir='ltr'>quid</span> <span class='ocrx_word' id='word_1_146' title='bbox 1179 2344 1279 2399; x_wconf 89' lang='lat' dir='ltr'>est</span> <span class='ocrx_word' id='word_1_147' title='bbox 1337 2337 1533 2411; x_wconf 85' lang='lat' dir='ltr'>aliud,</span> <span class='ocrx_word' id='word_1_148' title='bbox 1583 2338 1754 2415; x_wconf 92' lang='lat' dir='ltr'>quod</span> <span class='ocrx_word' id='word_1_149' title='bbox 1808 2358 1841 2398; x_wconf 91' lang='lat' dir='ltr'>n</span> 
     </span>
     <span class='ocr_line' id='line_1_24' title="bbox 324 2429 1841 2505; baseline -0.001 -17"><span class='ocrx_word' id='word_1_150' title='bbox 324 2429 535 2490; x_wconf 83' lang='lat' dir='ltr'>facere</span> <span class='ocrx_word' id='word_1_151' title='bbox 568 2429 943 2502; x_wconf 82' lang='lat' dir='ltr'>debeamus,</span> <span class='ocrx_word' id='word_1_152' title='bbox 975 2429 1100 2488; x_wconf 88' lang='lat' dir='ltr'>nisi</span> <span class='ocrx_word' id='word_1_153' title='bbox 1133 2434 1203 2488; x_wconf 87' lang='lat' dir='ltr'>ut</span> <span class='ocrx_word' id='word_1_154' title='bbox 1233 2444 1369 2500; x_wconf 81' lang='lat' dir='ltr'>eOS,</span> <span class='ocrx_word' id='word_1_155' title='bbox 1405 2429 1513 2505; x_wconf 92' lang='lat' dir='ltr'>qui</span> <span class='ocrx_word' id='word_1_156' title='bbox 1562 2429 1841 2488; x_wconf 69' lang='lat' dir='ltr'>insectari</span> 
     </span>
     <span class='ocr_line' id='line_1_25' title="bbox 324 2517 1841 2595; baseline -0.002 -17"><span class='ocrx_word' id='word_1_157' title='bbox 324 2518 577 2578; x_wconf 72' lang='lat' dir='ltr'>lamus?</span> <span class='ocrx_word' id='word_1_158' title='bbox 608 2518 788 2589; x_wconf 85' lang='lat' dir='ltr'>Quod</span> <span class='ocrx_word' id='word_1_159' title='bbox 837 2517 1099 2595; x_wconf 91' lang='lat' dir='ltr'>quidem</span> <span class='ocrx_word' id='word_1_160' title='bbox 1139 2517 1422 2581; x_wconf 86' lang='lat' dir='ltr'>facerem</span> <span class='ocrx_word' id='word_1_161' title='bbox 1465 2517 1841 2576; x_wconf 88' lang='lat' dir='ltr'>vehementi</span> 
     </span>
     <span class='ocr_line' id='line_1_26' title="bbox 326 2606 1833 2668; baseline -0.001 -1"><span class='ocrx_word' id='word_1_162' title='bbox 326 2607 729 2668; x_wconf 87' lang='lat' dir='ltr'>tercederent</span> <span class='ocrx_word' id='word_1_163' title='bbox 756 2608 919 2667; x_wconf 88' lang='lat' dir='ltr'>mihi</span> <span class='ocrx_word' id='word_1_164' title='bbox 951 2607 1307 2666; x_wconf 81' lang='lat' dir='ltr'>inimicitiae</span> <span class='ocrx_word' id='word_1_165' title='bbox 1338 2623 1484 2665; x_wconf 90' lang='lat' dir='ltr'>cum</span> <span class='ocrx_word' id='word_1_166' title='bbox 1528 2606 1715 2666; x_wconf 82' lang='lat' dir='ltr'>istius</span> <span class='ocrx_word' id='word_1_167' title='bbox 1768 2626 1833 2666; x_wconf 92' lang='lat' dir='ltr'>m</span> 
     </span>
     <span class='ocr_line' id='line_1_27' title="bbox 322 2696 1841 2773; baseline 0.001 -19"><span class='ocrx_word' id='word_1_168' title='bbox 322 2731 404 2741; x_wconf 89' lang='lat'>—</span> <span class='ocrx_word' id='word_1_169' title='bbox 427 2696 620 2757; x_wconf 87' lang='lat' dir='ltr'>fratre</span> <span class='ocrx_word' id='word_1_170' title='bbox 642 2696 818 2756; x_wconf 89' lang='lat' dir='ltr'>volui</span> <span class='ocrx_word' id='word_1_171' title='bbox 843 2696 1054 2756; x_wconf 87' lang='lat' dir='ltr'>dicere</span> <span class='ocrx_word' id='word_1_172' title='bbox 1072 2712 1087 2771; x_wconf 83' lang='lat'>3</span> <span class='ocrx_word' id='word_1_173' title='bbox 1109 2713 1370 2773; x_wconf 87' lang='lat' dir='ltr'>semper</span> <span class='ocrx_word' id='word_1_174' title='bbox 1391 2696 1496 2756; x_wconf 91' lang='lat' dir='ltr'>hic</span> <span class='ocrx_word' id='word_1_175' title='bbox 1514 2713 1679 2757; x_wconf 86' lang='lat' dir='ltr'>err0.</span> <span class='ocrx_word' id='word_1_176' title='bbox 1699 2698 1841 2756; x_wconf 90' lang='lat' dir='ltr'>Nun</span> 
     </span>
    </p>
   </div>
   <div class='ocr_carea' id='block_1_4' title="bbox 327 2899 1841 3223">
    <p class='ocr_par' dir='ltr' id='par_1_4' title="bbox 327 2899 1841 3223">
     <span class='ocr_line' id='line_1_28' title="bbox 327 2899 1834 2954; baseline -0.002 -9"><span class='ocrx_word' id='word_1_177' title='bbox 327 2901 571 2945; x_wconf 86' lang='lat' dir='ltr'>recueillis</span> <span class='ocrx_word' id='word_1_178' title='bbox 633 2913 686 2944; x_wconf 90' lang='lat' dir='ltr'>ar</span> <span class='ocrx_word' id='word_1_179' title='bbox 702 2900 977 2950; x_wconf 76' lang='lat' dir='ltr'>lessodales,</span> <span class='ocrx_word' id='word_1_180' title='bbox 1000 2900 1237 2943; x_wconf 82' lang='lat' dir='ltr'>membres</span> <span class='ocrx_word' id='word_1_181' title='bbox 1347 2899 1465 2954; x_wconf 77' lang='lat' dir='ltr'>qnod</span> <span class='ocrx_word' id='word_1_182' title='bbox 1506 2901 1689 2944; x_wconf 88' lang='lat' dir='ltr'>nobiles</span> <span class='ocrx_word' id='word_1_183' title='bbox 1730 2907 1834 2943; x_wconf 74' lang='lat' dir='ltr'>sunt</span> 
     </span>
     <span class='ocr_line' id='line_1_29' title="bbox 328 2952 1731 3008; baseline -0.001 -11"><span class='ocrx_word' id='word_1_184' title='bbox 328 2954 470 2997; x_wconf 84' lang='lat' dir='ltr'>d&#39;une</span> <span class='ocrx_word' id='word_1_185' title='bbox 496 2956 594 2998; x_wconf 80' lang='lat' dir='ltr'>soci</span> <span class='ocrx_word' id='word_1_186' title='bbox 628 2952 670 2997; x_wconf 75' lang='lat' dir='ltr'>te</span> <span class='ocrx_word' id='word_1_187' title='bbox 703 2953 878 2997; x_wconf 76' lang='lat' dir='ltr'>secrete</span> <span class='ocrx_word' id='word_1_188' title='bbox 908 2953 1088 2996; x_wconf 72' lang='lat' dir='ltr'>sormee</span> <span class='ocrx_word' id='word_1_189' title='bbox 1119 2964 1238 3006; x_wconf 88' lang='lat' dir='ltr'>pour</span> <span class='ocrx_word' id='word_1_190' title='bbox 1347 2953 1465 3008; x_wconf 78' lang='lat' dir='ltr'>qnod</span> <span class='ocrx_word' id='word_1_191' title='bbox 1483 2955 1582 2997; x_wconf 82' lang='lat' dir='ltr'>noti</span> <span class='ocrx_word' id='word_1_192' title='bbox 1613 2959 1731 2995; x_wconf 77' lang='lat' dir='ltr'>sunt.</span> 
     </span>
     <span class='ocr_line' id='line_1_30' title="bbox 329 3005 1841 3062; baseline -0.001 -10"><span class='ocrx_word' id='word_1_193' title='bbox 329 3009 604 3052; x_wconf 82' lang='lat' dir='ltr'>acheterlcs</span> <span class='ocrx_word' id='word_1_194' title='bbox 628 3007 860 3062; x_wconf 79' lang='lat' dir='ltr'>suffrages</span> <span class='ocrx_word' id='word_1_195' title='bbox 881 3006 1014 3050; x_wconf 73' lang='lat' dir='ltr'>aune</span> <span class='ocrx_word' id='word_1_196' title='bbox 1035 3006 1237 3050; x_wconf 80' lang='lat' dir='ltr'>election</span> <span class='ocrx_word' id='word_1_197' title='bbox 1402 3005 1440 3049; x_wconf 81' lang='lat'>4.</span> <span class='ocrx_word' id='word_1_198' title='bbox 1476 3008 1557 3049; x_wconf 79' lang='lat' dir='ltr'>Cn.</span> <span class='ocrx_word' id='word_1_199' title='bbox 1590 3007 1772 3050; x_wconf 79' lang='lat' dir='ltr'>Domiti.</span> <span class='ocrx_word' id='word_1_200' title='bbox 1822 3010 1841 3050; x_wconf 85' lang='grc' dir='ltr'>Ι</span> 
     </span>
     <span class='ocr_line' id='line_1_31' title="bbox 330 3060 1841 3116; baseline 0 -11"><span class='ocrx_word' id='word_1_201' title='bbox 330 3073 392 3105; x_wconf 90' lang='lat' dir='ltr'>ou</span> <span class='ocrx_word' id='word_1_202' title='bbox 407 3071 525 3115; x_wconf 82' lang='lat' dir='ltr'>pour</span> <span class='ocrx_word' id='word_1_203' title='bbox 545 3064 722 3106; x_wconf 84' lang='lat' dir='ltr'>former</span> <span class='ocrx_word' id='word_1_204' title='bbox 735 3073 800 3103; x_wconf 92' lang='lat' dir='ltr'>un</span> <span class='ocrx_word' id='word_1_205' title='bbox 813 3060 1238 3115; x_wconf 84' lang='lat' dir='ltr'>complot.Voirles</span> <span class='ocrx_word' id='word_1_206' title='bbox 1348 3060 1533 3114; x_wconf 79' lang='lat' dir='ltr'>plaidee</span> <span class='ocrx_word' id='word_1_207' title='bbox 1563 3060 1735 3105; x_wconf 86' lang='lat' dir='ltr'>devant</span> <span class='ocrx_word' id='word_1_208' title='bbox 1767 3062 1809 3105; x_wconf 92' lang='lat' dir='ltr'>le</span> <span class='ocrx_word' id='word_1_209' title='bbox 1834 3074 1841 3116; x_wconf 84' lang='lat'>1</span> 
     </span>
     <span class='ocr_line' id='line_1_32' title="bbox 329 3111 1837 3169; baseline -0.001 -11"><span class='ocrx_word' id='word_1_210' title='bbox 329 3119 465 3158; x_wconf 79' lang='lat' dir='ltr'>notes</span> <span class='ocrx_word' id='word_1_211' title='bbox 491 3119 507 3160; x_wconf 80' lang='lat' dir='ltr'>l</span> <span class='ocrx_word' id='word_1_212' title='bbox 531 3116 589 3160; x_wconf 88' lang='lat' dir='ltr'>de</span> <span class='ocrx_word' id='word_1_213' title='bbox 611 3117 717 3169; x_wconf 86' lang='lat' dir='ltr'>lap.</span> <span class='ocrx_word' id='word_1_214' title='bbox 739 3114 819 3158; x_wconf 85' lang='grc'>139</span> <span class='ocrx_word' id='word_1_215' title='bbox 838 3116 882 3157; x_wconf 90' lang='lat' dir='ltr'>et</span> <span class='ocrx_word' id='word_1_216' title='bbox 903 3116 920 3156; x_wconf 76' lang='grc'><strong>1</strong></span> <span class='ocrx_word' id='word_1_217' title='bbox 946 3114 1003 3157; x_wconf 90' lang='lat' dir='ltr'>de</span> <span class='ocrx_word' id='word_1_218' title='bbox 1026 3114 1072 3157; x_wconf 89' lang='lat' dir='ltr'>la</span> <span class='ocrx_word' id='word_1_219' title='bbox 1087 3125 1129 3168; x_wconf 88' lang='lat' dir='ltr'>p.</span> <span class='ocrx_word' id='word_1_220' title='bbox 1142 3111 1236 3157; x_wconf 77' lang='lat'><strong>264.</strong></span> <span class='ocrx_word' id='word_1_221' title='bbox 1350 3115 1514 3157; x_wconf 85' lang='lat' dir='ltr'>mitius</span> <span class='ocrx_word' id='word_1_222' title='bbox 1589 3114 1837 3165; x_wconf 86' lang='lat' dir='ltr'>Calvinus,</span> 
     </span>
     <span class='ocr_line' id='line_1_33' title="bbox 384 3166 1841 3223; baseline -0.001 -10"><span class='ocrx_word' id='word_1_223' title='bbox 384 3169 426 3213; x_wconf 84' lang='lat'>1.</span> <span class='ocrx_word' id='word_1_224' title='bbox 460 3170 726 3213; x_wconf 76' lang='lat' dir='ltr'>Convicium.</span> <span class='ocrx_word' id='word_1_225' title='bbox 770 3168 886 3211; x_wconf 79' lang='lat' dir='ltr'>Voir</span> <span class='ocrx_word' id='word_1_226' title='bbox 917 3168 964 3210; x_wconf 91' lang='lat' dir='ltr'>la</span> <span class='ocrx_word' id='word_1_227' title='bbox 998 3170 1106 3210; x_wconf 87' lang='lat' dir='ltr'>note</span> <span class='ocrx_word' id='word_1_228' title='bbox 1131 3168 1157 3210; x_wconf 88' lang='grc'>3</span> <span class='ocrx_word' id='word_1_229' title='bbox 1181 3166 1238 3210; x_wconf 88' lang='lat' dir='ltr'>de</span> <span class='ocrx_word' id='word_1_230' title='bbox 1351 3178 1464 3210; x_wconf 76' lang='lat' dir='ltr'>avec</span> <span class='ocrx_word' id='word_1_231' title='bbox 1494 3167 1651 3221; x_wconf 77' lang='lat' dir='ltr'>cloges</span> <span class='ocrx_word' id='word_1_232' title='bbox 1688 3180 1773 3223; x_wconf 85' lang='lat' dir='ltr'>par</span> <span class='ocrx_word' id='word_1_233' title='bbox 1810 3172 1841 3212; x_wconf 93' lang='lat' dir='ltr'>C</span> 
     </span>
    </p>
   </div>
   <div class='ocr_carea' id='block_1_5' title="bbox 332 3220 1841 3485">
    <p class='ocr_par' dir='ltr' id='par_1_5' title="bbox 333 3220 1841 3329">
     <span class='ocr_line' id='line_1_34' title="bbox 333 3220 1841 3276; baseline 0.001 -12"><span class='ocrx_word' id='word_1_234' title='bbox 333 3223 379 3265; x_wconf 91' lang='lat' dir='ltr'>la</span> <span class='ocrx_word' id='word_1_235' title='bbox 408 3233 452 3276; x_wconf 83' lang='lat' dir='ltr'>p.</span> <span class='ocrx_word' id='word_1_236' title='bbox 484 3221 583 3267; x_wconf 66' lang='lat'>344.</span> <span class='ocrx_word' id='word_1_237' title='bbox 1350 3231 1410 3264; x_wconf 88' lang='lat' dir='ltr'>en</span> <span class='ocrx_word' id='word_1_238' title='bbox 1429 3220 1496 3270; x_wconf 83' lang='lat'>59,</span> <span class='ocrx_word' id='word_1_239' title='bbox 1523 3220 1712 3275; x_wconf 81' lang='lat' dir='ltr'>preteur</span> <span class='ocrx_word' id='word_1_240' title='bbox 1732 3234 1793 3266; x_wconf 87' lang='lat' dir='ltr'>en</span> <span class='ocrx_word' id='word_1_241' title='bbox 1812 3222 1841 3267; x_wconf 70' lang='lat'>5</span> 
     </span>
     <span class='ocr_line' id='line_1_35' title="bbox 385 3273 1510 3329; baseline -0.003 -11"><span class='ocrx_word' id='word_1_242' title='bbox 385 3273 425 3318; x_wconf 79' lang='lat'>2.</span> <span class='ocrx_word' id='word_1_243' title='bbox 454 3276 670 3318; x_wconf 68' lang='lat' dir='ltr'>Discidit).</span> <span class='ocrx_word' id='word_1_244' title='bbox 693 3276 800 3319; x_wconf 89' lang='lat' dir='ltr'>Une</span> <span class='ocrx_word' id='word_1_245' title='bbox 831 3277 1026 3329; x_wconf 83' lang='lat' dir='ltr'>rupture</span> <span class='ocrx_word' id='word_1_246' title='bbox 1062 3274 1239 3317; x_wconf 86' lang='lat' dir='ltr'>cruelle</span> <span class='ocrx_word' id='word_1_247' title='bbox 1351 3284 1410 3317; x_wconf 87' lang='lat' dir='ltr'>en</span> <span class='ocrx_word' id='word_1_248' title='bbox 1439 3273 1510 3317; x_wconf 80' lang='lat'>53.</span> 
     </span>
    </p>

    <p class='ocr_par' dir='ltr' id='par_1_6' title="bbox 332 3326 1841 3384">
     <span class='ocr_line' id='line_1_36' title="bbox 332 3326 1841 3384; baseline 0 -13"><span class='ocrx_word' id='word_1_249' title='bbox 332 3328 572 3383; x_wconf 66' lang='lat' dir='ltr'>(dise-indo,</span> <span class='ocrx_word' id='word_1_250' title='bbox 614 3328 863 3383; x_wconf 60' lang='lat' dir='ltr'>dechirer).</span> <span class='ocrx_word' id='word_1_251' title='bbox 896 3351 945 3362; x_wconf 91' lang='lat'>-</span> <span class='ocrx_word' id='word_1_252' title='bbox 989 3329 1105 3371; x_wconf 69' lang='lat' dir='ltr'>Voir</span> <span class='ocrx_word' id='word_1_253' title='bbox 1133 3326 1239 3380; x_wconf 84' lang='lat' dir='ltr'>l&#39;ap-</span> <span class='ocrx_word' id='word_1_254' title='bbox 1400 3327 1441 3370; x_wconf 86' lang='lat'>5.</span> <span class='ocrx_word' id='word_1_255' title='bbox 1481 3327 1680 3369; x_wconf 75' lang='lat' dir='ltr'>Matrem</span> <span class='ocrx_word' id='word_1_256' title='bbox 1734 3330 1841 3384; x_wconf 71' lang='lat' dir='ltr'>fami</span> 
     </span>
    </p>

    <p class='ocr_par' dir='ltr' id='par_1_7' title="bbox 333 3380 1841 3436">
     <span class='ocr_line' id='line_1_37' title="bbox 333 3380 1841 3436; baseline 0.001 -12"><span class='ocrx_word' id='word_1_257' title='bbox 333 3381 595 3436; x_wconf 74' lang='lat' dir='ltr'>preciation</span> <span class='ocrx_word' id='word_1_258' title='bbox 646 3383 705 3425; x_wconf 89' lang='lat' dir='ltr'>de</span> <span class='ocrx_word' id='word_1_259' title='bbox 756 3393 808 3426; x_wconf 87' lang='lat' dir='ltr'>ce</span> <span class='ocrx_word' id='word_1_260' title='bbox 875 3392 1074 3436; x_wconf 82' lang='lat' dir='ltr'>passage</span> <span class='ocrx_word' id='word_1_261' title='bbox 1118 3380 1238 3423; x_wconf 87' lang='lat' dir='ltr'>dans</span> <span class='ocrx_word' id='word_1_262' title='bbox 1347 3381 1549 3435; x_wconf 75' lang='lat' dir='ltr'>familias</span> <span class='ocrx_word' id='word_1_263' title='bbox 1570 3384 1642 3424; x_wconf 87' lang='lat' dir='ltr'>cst</span> <span class='ocrx_word' id='word_1_264' title='bbox 1673 3393 1785 3424; x_wconf 87' lang='lat' dir='ltr'>sous</span> <span class='ocrx_word' id='word_1_265' title='bbox 1802 3384 1841 3425; x_wconf 84' lang='lat' dir='ltr'>la</span> 
     </span>
    </p>

    <p class='ocr_par' dir='ltr' id='par_1_8' title="bbox 339 3434 1841 3485">
     <span class='ocr_line' id='line_1_38' title="bbox 339 3434 1841 3485; baseline -0.003 -6"><span class='ocrx_word' id='word_1_266' title='bbox 339 3436 625 3485; x_wconf 87' lang='lat' dir='ltr'>Quintilien.</span> <span class='ocrx_word' id='word_1_267' title='bbox 654 3435 771 3476; x_wconf 70' lang='lat' dir='ltr'>lust.</span> <span class='ocrx_word' id='word_1_268' title='bbox 799 3435 903 3484; x_wconf 76' lang='grc' dir='ltr'>Ον.,</span> <span class='ocrx_word' id='word_1_269' title='bbox 926 3437 980 3485; x_wconf 72' lang='lat' dir='ltr'>V,</span> <span class='ocrx_word' id='word_1_270' title='bbox 1008 3447 1110 3477; x_wconf 84' lang='lat' dir='ltr'>xm.</span> <span class='ocrx_word' id='word_1_271' title='bbox 1349 3434 1504 3483; x_wconf 84' lang='lat' dir='ltr'>ritale‚</span> <span class='ocrx_word' id='word_1_272' title='bbox 1527 3445 1640 3476; x_wconf 82' lang='lat' dir='ltr'>sous</span> <span class='ocrx_word' id='word_1_273' title='bbox 1664 3434 1713 3477; x_wconf 85' lang='lat' dir='ltr'>la</span> <span class='ocrx_word' id='word_1_274' title='bbox 1731 3448 1841 3475; x_wconf 62' lang='lat' dir='ltr'>mam</span> 
     </span>
    </p>
   </div>
   <div class='ocr_carea' id='block_1_6' title="bbox 336 3486 1841 3647">
    <p class='ocr_par' dir='ltr' id='par_1_9' title="bbox 336 3486 1841 3647">
     <span class='ocr_line' id='line_1_39' title="bbox 388 3486 1841 3540; baseline -0.003 -9"><span class='ocrx_word' id='word_1_275' title='bbox 388 3489 433 3536; x_wconf 81' lang='grc'>3.</span> <span class='ocrx_word' id='word_1_276' title='bbox 469 3489 674 3531; x_wconf 74' lang='lat' dir='ltr'>Nobili...</span> <span class='ocrx_word' id='word_1_277' title='bbox 715 3493 837 3529; x_wconf 82' lang='lat' dir='ltr'>nota.</span> <span class='ocrx_word' id='word_1_278' title='bbox 880 3490 968 3531; x_wconf 81' lang='lat' dir='ltr'>Jeu</span> <span class='ocrx_word' id='word_1_279' title='bbox 1007 3488 1065 3531; x_wconf 85' lang='lat' dir='ltr'>de</span> <span class='ocrx_word' id='word_1_280' title='bbox 1119 3489 1239 3529; x_wconf 84' lang='lat' dir='ltr'>mots</span> <span class='ocrx_word' id='word_1_281' title='bbox 1350 3486 1414 3529; x_wconf 88' lang='lat' dir='ltr'>du</span> <span class='ocrx_word' id='word_1_282' title='bbox 1445 3489 1590 3540; x_wconf 83' lang='lat' dir='ltr'>mari;</span> <span class='ocrx_word' id='word_1_283' title='bbox 1617 3488 1841 3529; x_wconf 61' lang='lat' dir='ltr'>lamam-on</span> 
     </span>
     <span class='ocr_line' id='line_1_40' title="bbox 337 3536 1841 3590; baseline -0.001 -6"><span class='ocrx_word' id='word_1_284' title='bbox 337 3542 545 3586; x_wconf 72' lang='lat' dir='ltr'>familiar</span> <span class='ocrx_word' id='word_1_285' title='bbox 571 3542 599 3584; x_wconf 74' lang='lat' dir='ltr'>a</span> <span class='ocrx_word' id='word_1_286' title='bbox 619 3541 833 3584; x_wconf 74' lang='lat' dir='ltr'>ciceron.</span> <span class='ocrx_word' id='word_1_287' title='bbox 859 3542 932 3583; x_wconf 86' lang='lat' dir='ltr'>Cf.</span> <span class='ocrx_word' id='word_1_288' title='bbox 958 3541 1013 3582; x_wconf 79' lang='lat' dir='ltr'>In</span> <span class='ocrx_word' id='word_1_289' title='bbox 1042 3541 1238 3590; x_wconf 80' lang='lat' dir='ltr'>Verrem,</span> <span class='ocrx_word' id='word_1_290' title='bbox 1350 3536 1551 3588; x_wconf 75' lang='lat' dir='ltr'>mariee.</span> <span class='ocrx_word' id='word_1_291' title='bbox 1589 3542 1800 3583; x_wconf 82' lang='lat' dir='ltr'>soumise</span> <span class='ocrx_word' id='word_1_292' title='bbox 1826 3553 1841 3583; x_wconf 82' lang='lat' dir='ltr'>c</span> 
     </span>
     <span class='ocr_line' id='line_1_41' title="bbox 336 3593 1841 3647; baseline 0.001 -12"><span class='ocrx_word' id='word_1_293' title='bbox 336 3595 380 3647; x_wconf 84' lang='lat'>1,</span> <span class='ocrx_word' id='word_1_294' title='bbox 419 3594 557 3642; x_wconf 69' lang='lat' dir='ltr'><strong>v1.15</strong></span> <span class='ocrx_word' id='word_1_295' title='bbox 589 3608 598 3634; x_wconf 77' lang='grc' dir='ltr'><strong>ε</strong></span> <span class='ocrx_word' id='word_1_296' title='bbox 632 3594 733 3636; x_wconf 83' lang='lat' dir='ltr'>Non</span> <span class='ocrx_word' id='word_1_297' title='bbox 775 3598 864 3635; x_wconf 80' lang='lat' dir='ltr'>tam</span> <span class='ocrx_word' id='word_1_298' title='bbox 896 3594 1142 3646; x_wconf 75' lang='lat' dir='ltr'>impediunt</span> <span class='ocrx_word' id='word_1_299' title='bbox 1172 3605 1239 3633; x_wconf 80' lang='lat' dir='ltr'>me</span> <span class='ocrx_word' id='word_1_300' title='bbox 1351 3593 1378 3634; x_wconf 67' lang='lat' dir='ltr'>a</span> <span class='ocrx_word' id='word_1_301' title='bbox 1399 3593 1446 3635; x_wconf 81' lang='lat' dir='ltr'>la</span> <span class='ocrx_word' id='word_1_302' title='bbox 1478 3594 1731 3645; x_wconf 76' lang='lat' dir='ltr'>puissance</span> <span class='ocrx_word' id='word_1_303' title='bbox 1753 3593 1841 3636; x_wconf 53' lang='lat' dir='ltr'>du*</span> 
     </span>
    </p>
   </div>
  </div>
 </body>
</html>
