2570 4026
64 5 845 251 r*

663 374 735 416 LE
780 377 810 410 «
843 373 955 416 pno
999 372 1202 416 nosmo
1246 372 1516 415 AMEnmo
1548 379 1579 409 >›
1967 356 2083 420 109

202 509 428 569 occisus
488 512 611 579 est,
675 509 844 569 bona
898 507 1238 579 venierint,
1292 524 1444 567 cum
1489 508 1556 566 in
1598 524 1710 566 eos
1765 507 1939 575 solos
1982 508 2085 567 lex

203 598 409 674 scripta
438 599 553 670 sit3
603 597 861 671 deinde,
891 596 1089 674 quare
1131 597 1466 673 aliquanto
1524 600 1671 672 post
1723 612 1867 656 eam
1913 597 2086 657 diem

206 688 511 759 venierint,
547 705 691 764 quae
723 686 862 746 dies
891 686 958 744 in
998 686 1140 762 lege
1170 685 1487 763 praefinita
1515 690 1616 745 est
1647 701 1661 757 ;
1714 686 1943 747 deinde
1969 705 2086 747 cur
2160 712 2165 715 “

203 777 418 837 tantulo
454 778 472 810 ²
509 776 855 836 venierint.
890 775 1042 845 Quae
1082 776 1304 835 omnia
1331 775 1410 847 si,
1454 791 1653 852 quem
1696 774 1775 834 ad
1819 776 2089 836 modum

206 867 388 927 solent
414 865 632 926 liberti
673 882 959 941 nequam
992 865 1015 897 ²
1058 868 1121 924 et
1165 864 1447 942 improbi
1487 863 1722 937 facere,
1774 864 1842 923 in
1880 869 2095 944 patro-

206 973 341 1014 num
371 973 562 1016 suum
605 954 888 1014 voluerit
926 954 1239 1028 conferre,
1284 954 1449 1013 nihil
1495 955 1716 1033 egerit.
1757 957 1959 1015 Nemo
2001 960 2099 1015 est

210 1046 379 1120 enim,
442 1046 553 1123 qui
607 1044 880 1118 nesciat,
937 1047 1200 1122 propter
1254 1044 1772 1123 magnitudinem
1825 1061 2046 1105 rerum
2076 1048 2098 1081 ³

215 1134 393 1195 multa
445 1135 691 1195 multos
743 1135 979 1212 partim
1041 1133 1243 1193 invito
1279 1134 1323 1207 ⁴,
1389 1135 1623 1212 partim
1687 1134 2098 1213 imprudente

214 1225 272 1283 L.
302 1224 489 1299 Sulla,
520 1224 957 1286 commisisse.
993 1224 1132 1283 131.
1159 1224 1376 1284 Placet
1402 1224 1600 1299 igitur
1641 1224 1705 1283 in
1759 1224 1863 1284 his
1901 1225 2099 1285 rebus

215 1313 431 1392 aliquid
462 1313 905 1392 imprudentia
938 1312 1302 1392 praeteriri?
1353 1314 1494 1373 Non
1519 1314 1757 1391 placet,
1807 1314 2094 1392 judiceS,

213 1403 310 1463 sed
332 1421 596 1466 necesse
629 1407 747 1464 est.
784 1403 1059 1476 Etenim,
1095 1401 1153 1461 si
1180 1403 1434 1480 Jupiter
1453 1403 1762 1481 Optimus
1787 1405 2100 1466 Maximus

214 1493 378 1571 cujus
401 1500 568 1556 nutu
588 1497 608 1531 ⁵
634 1498 698 1555 et
722 1493 987 1554 arbitrio
1018 1492 1275 1567 caelum,
1309 1497 1499 1562 terra,
1523 1494 1851 1571 mariaque
1874 1513 2103 1572 regun-

211 1586 325 1657 tur,
349 1602 515 1663 saepe
550 1584 761 1645 ventis
804 1582 1429 1657 vehementioribus,
1487 1587 1597 1643 aut
1653 1585 2103 1646 immoderatis

212 1674 710 1751 tempestatibuS,
753 1676 862 1732 aut
901 1672 1105 1732 nimio
1156 1672 1391 1742 calore,
1430 1676 1539 1732 aut
1580 1674 1966 1734 intolerabili
1998 1674 2107 1734 fri-

217 1779 347 1838 gore
367 1762 745 1824 hominibus
775 1761 1018 1833 nocuit,
1048 1761 1242 1822 urbes
1265 1761 1521 1836 delevit,
1554 1762 1772 1841 fruges
1797 1763 2099 1841 perdidit,

217 1867 472 1926 quorum
508 1852 674 1913 nihil
715 1849 1022 1930 perniciei
1050 1868 1248 1911 causa
1290 1850 1508 1910 divino
1553 1852 1847 1927 consilio,
1883 1852 1996 1913 sed
2039 1854 2101 1913 vi

218 1937 341 2016 ipsa
384 1943 404 1975 ⁸
434 1945 497 2002 et
539 1939 987 2019 magnitudine
1044 1957 1285 2015 rerum,
1349 1941 1590 2000 factum
1644 1945 1986 2020 putamus3
2049 1947 2112 2002 at

221 2036 441 2106 contra,
504 2031 871 2101 commoda,
934 2030 1169 2108 quibus
1219 2031 1490 2102 utimur,
1542 2031 1913 2109 lucemque,
1972 2051 2101 2112 qua

223 2117 506 2194 fruimur,
556 2121 1010 2198 spiritumque,
1052 2137 1248 2197 quem
1294 2120 1619 2194 ducimus,
1674 2123 1750 2182 ab
1792 2140 1868 2183 eo
1915 2124 2107 2184 nobis

222 2206 342 2269 dari
367 2216 555 2288 atque
594 2210 911 2288 impertiri
937 2209 1255 2285 videmUS,
1284 2211 1439 2287 quid
1464 2211 1802 2286 miramur,
1821 2212 2101 2290 judices,

218 2298 272 2357 L.
306 2299 569 2374 Sullam,
599 2316 752 2359 cum
784 2300 965 2360 solus
992 2316 1127 2360 rem
1159 2300 1489 2378 publicam
1525 2305 1798 2378 regeret,
1842 2302 2103 2363 orbem-

218 2403 324 2464 que
370 2393 687 2449 terrarum
735 2389 1148 2466 gubernaret,
1227 2389 1614 2467 imperiique
1671 2390 2103 2468 majestatem,

220 2492 391 2552 quam
443 2478 642 2539 armis
686 2483 1037 2556 receperat,
1094 2477 1349 2555 legibus
1396 2479 1831 2554 confirmaret,
1885 2480 2102 2558 aliqua

220 2567 705 2629 animadvertere
759 2585 892 2627 non
946 2567 1292 2645 potuisse?
1335 2568 1469 2628 Nisi
1517 2567 1645 2629 hoc
1691 2568 1936 2629 mirum
1986 2566 2105 2640 est,

221 2657 373 2730 quod
400 2657 498 2716 vis
546 2655 762 2717 divina
790 2657 809 2691 ⁷
852 2658 1112 2734 assequi
1145 2675 1277 2719 non
1308 2658 1539 2735 possit,
1574 2660 1638 2717 ‘si
1673 2658 1736 2718 id
1767 2676 1953 2719 mens
1995 2661 2108 2719 hu-

219 2759 391 2806 mana
419 2745 654 2823 adepta
680 2763 814 2805 non
846 2747 953 2811 sit.

223 2910 323 2996 {mour
341 2906 380 2949 le
401 2918 538 2952 sens:
563 2905 650 2949 elle
677 2918 705 2948 a
729 2901 798 2949 ote
820 2906 989 2959 depuis
1012 2905 1107 2949 tres
1218 2907 1348 2948 Pour
1365 2907 1574 2950 combler
1598 2918 1692 2951 une
1726 2909 1895 2953 lacune
1912 2905 2127 2953 evidente

238 2960 743 3015 ongtempsintroduitc
764 2960 885 3001 dans
905 2960 947 3002 le
967 2962 1105 3003 texte.
1219 2959 1281 3001 du
1341 2961 1478 3009 texte,
1537 2962 1606 3005 les
1663 2963 1861 3005 anciens
1919 2960 2130 3006 editeurs

268 3012 299 3051 l.
331 3013 533 3054 Tantulo.
566 3014 604 3055 A
625 3014 664 3054 si
691 3014 776 3055 bas
801 3014 924 3067 prix.
951 3014 1023 3055 Gr.
1059 3025 1109 3062 ιι,
1220 3010 1639 3068 avaientimagine
1652 3016 1819 3067 partim
1835 3019 2091 3058 connivente
2117 3032 2130 3056 .-

223 3063 269 3102 6:
288 3064 453 3107 onnon-³
475 3066 667 3108 millibus
691 3079 923 3109 nummum.
1221 3067 1495 3121 conjecture
1525 3069 1820 3113 maladroite.
1853 3065 2047 3112 Ciceron
2071 3083 2129 3113 ne

264 3120 300 3157 2.
329 3118 548 3173 Nequam,
597 3121 740 3163 vieux
787 3122 884 3162 mot
918 3117 1113 3162 indecli-
1253 3123 1336 3163 eut
1351 3132 1436 3164 son
1471 3121 1772 3167 eraaucune
1791 3125 2052 3165 counit-enee
2073 3124 2131 3166 de

226 3172 356 3230 nable.
397 3173 602 3216 adverbe
646 3172 675 3215 a
715 3173 944 3228 roi-igine.
987 3183 1113 3215 com-
1243 3177 1398 3227 apart
1454 3176 1643 3229 eSylla.

227 3230 318 3272 pose
335 3225 392 3268 de
416 3238 469 3268 ne
489 3228 536 3269 et
559 3226 618 3270 de
638 3239 791 3287 ιιιιῳῃε
827 3238 890 3268 un
919 3228 1112 3270 homme
1278 3230 1320 3268 5.
1351 3228 1493 3269 Nutu.
1539 3230 1655 3272 Voir
1691 3230 1740 3273 la
1782 3231 1889 3273 note
1926 3229 1953 3272 2
1990 3231 2046 3274 de
2092 3232 2142 3274 la

227 3274 272 3318 de
293 3279 404 3328 rien,
425 3281 535 3333 puis
556 3292 622 3324 un
644 3281 857 3323 scelerat.
881 3281 941 3324 Ce
963 3283 1062 3323 mot
1088 3292 1117 3323 a
1227 3290 1349 3335 page
1372 3280 1440 3324 91.

228 3332 309 3378 bris
340 3344 452 3376 avec
485 3334 529 3376 le
565 3337 717 3387 temps
742 3345 808 3377 un
843 3344 954 3378 sens
987 3331 1114 3388 pejo-
1275 3334 1316 3375 6.
1358 3334 1411 3376 Vi
1457 3335 1569 3387 ipsa.
1614 3337 1682 3379 La
1717 3336 1845 3381 force
1884 3338 1946 3380 du
1985 3339 2129 3392 satum

232 3385 337 3435 ratis,
363 3397 547 3430 comme
569 3386 739 3428 nebulo.
1224 3388 1308 3441 qui
1331 3384 1450 3441 regit
1472 3389 1659 3450 Jupiter
1686 3391 1940 3434 lui-meme.

272 3439 306 3477 3.
343 3438 700 3492 ,ilaynitndinem
759 3453 918 3481 rerum.
984 3442 1113 3488 Voir.
1277 3440 1318 3483 7.
1362 3440 1434 3482 Vis
1464 3440 1630 3482 dimna.
1663 3443 1732 3485 La
1765 3445 1893 3487 force
1923 3445 1985 3486 du
2022 3444 2131 3486 dieu

234 3498 332 3538 pour
361 3494 458 3536 tout
506 3503 560 3535 ce
615 3504 833 3548 passage,
889 3494 1115 3549 l'Eloge
1225 3495 1428 3547 Jupiter,
1465 3496 1681 3549 toujours
1716 3496 1993 3550 superieure
2028 3498 2053 3539 a
2090 3499 2135 3539 la

235 3540 293 3584 (ῘΘ
317 3545 499 3598 Sylla,
546 3557 666 3600 page
685 3546 753 3590 93.
1227 3548 1357 3590 force
1387 3548 1443 3590 de
1478 3548 1525 3590 la.
1556 3561 1677 3589 mens
1707 3550 1913 3600 hnmana,
1941 3552 2013 3592 est
2038 3553 2135 3592 tou-

244 3599 309 3652 ⁶4.
337 3598 494 3640 Invito.
527 3601 621 3642 Les
650 3600 772 3643 deux
803 3603 925 3644 muts
943 3600 1115 3654 partim
1226 3601 1363 3654 joun-s
1416 3600 1675 3647 inferieure
1715 3603 1744 3644 a
1792 3604 1839 3645 la
1888 3606 2019 3647 force
2073 3604 2135 3644 (lu

239 3652 354 3692 meite
369 3656 474 3696 sont
494 3664 591 3695 une
607 3652 819 3697 addition
833 3655 891 3699 de
907 3654 1116 3708 Madvig.
1228 3655 1396 3707 fatum.

1837 3751 1863 3800 ’a
