2570 4026
368 339 491 397 376
594 351 705 396 nes
748 351 810 395 DI
833 350 1050 396 scooRs
1094 350 1493 396 consummas
1533 350 1652 396 on
1693 349 2098 402 rflmrmouns

372 489 465 549 cis
490 488 817 567 irrogatiS,
851 504 1007 548 cum
1031 486 1396 565 principem
1418 486 1593 546 orbis
1611 491 1626 523 ¹
1644 488 1830 545 terrae
1854 485 2070 545 virum
2096 484 2306 546 inclu-

374 595 520 638 sum
542 577 718 637 domi
743 578 1134 651 continereS,
1151 593 1300 636 cum
1326 576 1563 635 Forum
1585 574 1848 635 armatis
1871 576 2143 635 catervis
2155 593 2302 653 per-

377 667 659 727 ditorum
693 666 1037 726 hominum
1057 663 1427 742 possideres
1458 682 1472 724 z
1504 664 1845 724 Libertatis
1872 664 2300 727 simulacrum

375 756 440 816 in
471 774 548 816 ea
577 755 771 815 domo
808 755 1193 828 collocabas,
1218 771 1362 831 quae
1389 753 1625 813 domus
1648 758 1783 814 erat
1812 754 1954 831 ipsa
1979 754 2298 815 indicium

373 844 813 906 crudelissimi
845 846 937 905 tui
973 843 1367 917 dominatuS,
1408 845 1472 902 et
1499 843 2144 921 miserrimaespopuli
2170 844 2299 904 Ro-

364 936 539 995 mani
563 934 1343 995 servitutisMssEumne
1359 932 1777 1010 potissimum
1797 934 2084 993 Libertas
2098 933 2295 994 domo

366 1043 485 1086 sua
515 1024 739 1085 debuit
768 1022 1036 1102 pellere,
1072 1023 1181 1102 qui
1227 1018 1356 1081 nisi
1396 1022 1649 1095 fuisset,
1698 1022 1765 1082 in
1800 1039 2136 1084 servorum
2184 1041 2296 1100 po-

366 1118 668 1175 testatem
695 1112 920 1173 civitas
946 1115 1081 1172 tota
1109 1112 1441 1171 venisset?

446 1230 657 1290 XLIII.
687 1229 767 1288 At
796 1228 970 1288 unde
1016 1232 1115 1288 est
1157 1229 1417 1289 inventa
1464 1228 1589 1289 ista
1640 1229 1927 1289 Libertas
1951 1231 1979 1288 ‘2
2014 1229 2293 1300 Quaesivi

371 1320 546 1379 enim
592 1317 955 1395 diligenter.
1011 1319 1356 1396 Tanagraea
1396 1317 1693 1396 quaedam
1735 1318 2039 1379 meretrix
2085 1318 2293 1380 fuisse

371 1409 653 1469 dicitur:
705 1407 848 1485 ejus
890 1424 1019 1467 non
1067 1408 1255 1486 longe
1307 1426 1343 1467 a
1387 1408 1714 1487 Tanagra²
1777 1407 2204 1470 simulacrum
2258 1427 2291 1468 e

372 1514 699 1558 marmore
725 1497 790 1556 in
819 1497 1120 1574 sepulcro
1142 1497 1430 1574 positum
1459 1496 1602 1557 fuit.
1638 1498 1773 1557 Hoc
1802 1497 2067 1574 quidam
2092 1498 2291 1559 homo

369 1588 608 1648 nobilis
627 1588 669 1661 ³,
692 1604 822 1647 non
853 1587 1105 1647 alienus
1137 1586 1215 1646 ab
1237 1586 1362 1645 hoc
1384 1585 1690 1663 religioso
1707 1586 2046 1647 Libertatis
2078 1605 2293 1649 sacer-

370 1677 540 1750 dote,
599 1676 680 1736 ad
727 1680 1029 1736 ornatum
1088 1673 1412 1736 aedilitatis
1458 1693 1591 1735 suae
1622 1675 2002 1753 deportavit.
2037 1678 2290 1737 Etenim

366 1765 680 1843 cogitarat
699 1781 927 1825 omnes
955 1765 1329 1842 superiores
1361 1765 1654 1825 muneris
1682 1764 2026 1842 splendore
2048 1767 2070 1801 ⁴
2099 1784 2291 1844 supe-

370 1870 533 1913 rare.
597 1853 817 1931 Itaque
878 1853 1097 1913 omnia
1157 1853 1362 1930 signa,
1421 1855 1695 1927 tabulaS,
1756 1859 2291 1916 ornamentorum

368 1943 542 2021 quod
577 1943 899 2022 superfuit
924 1944 990 2003 in
1018 1942 1209 2011 fanis,
1242 1946 1306 2002 et
1337 1943 1805 2004 communibus
1829 1943 2021 2022 locis,
2056 1961 2136 2004 ex
2160 1949 2296 2007 tota

366 2033 634 2108 Graecia,
655 2038 846 2111 atque
870 2032 1105 2093 insulis
1130 2032 1460 2105 omnibuS,
1478 2033 1746 2093 honoris
1769 2034 1996 2111 populi
2018 2035 2291 2096 Romani

369 2139 586 2196 causa,
615 2138 769 2183 sane
797 2121 1130 2199 frugaliter
1156 2120 1429 2181 domum
1453 2139 1640 2182 suam
1664 2122 2044 2200 deportavit.
2069 2125 2206 2185 112.
2228 2126 2289 2185 Is

367 2216 792 2291 posteaquam
814 2210 1152 2281 intellexit,
1178 2227 1374 2288 posse
1399 2228 1492 2281 se,
1520 2211 1879 2272 interversa
1894 2211 2223 2288 aedilitate,
2252 2232 2289 2275 a

360 2303 427 2367 L.
450 2301 681 2361 Pisone
705 2299 974 2361 consule
1000 2304 1349 2377 praetorem
1366 2301 1747 2370 renuntiari,
1768 2300 1822 2360 si
1849 2302 2046 2362 modo
2062 2302 2287 2363 eadem

358 2390 567 2471 prima
585 2390 799 2450 littera
828 2390 1328 2467 competitorem
1367 2389 1708 2452 habuisset
1737 2390 2047 2467 aliquem,
2087 2391 2289 2451 aedili-

357 2483 556 2541 tatem
587 2479 847 2538 duobus
869 2478 934 2538 in
960 2478 1143 2551 lociS,
1177 2478 1410 2555 partim
1442 2479 1509 2537 in
1532 2496 1700 2553 arca,
1724 2479 1957 2556 partim
1986 2480 2056 2540 in
2079 2481 2285 2542 hortis

356 2569 494 2633 suis
525 2568 904 2641 collocavit;
939 2567 1199 2645 signum
1246 2566 1326 2627 de
1357 2567 1550 2627 busto
1600 2569 1962 2629 meretricis
1998 2570 2286 2631 ablatum
2369 2638 2376 2643 ,

340 2658 465 2725 ‚isti
508 2657 705 2732 dedit,
750 2655 924 2733 quod
990 2660 1165 2717 esset
1209 2655 1470 2732 signum
1516 2657 1723 2733 magis
1768 2657 2046 2717 istorum
2091 2676 2284 2735 quam

359 2746 640 2825 publicae
663 2745 1002 2806 libertatis,

438 2837 611 2895 Hanc
646 2833 834 2894 deam
866 2834 1213 2912 quisquam
1246 2833 1487 2894 violare
1538 2835 1794 2910 audeat,
1837 2839 1901 2895 et
1928 2836 2283 2914 imaginem

356 2923 745 2998 meretricis,
782 2928 1236 2983 ornamentum
1266 2923 1572 3000 sepulcri,
1613 2941 1650 2983 a
1680 2924 1822 2984 fure
1868 2925 2215 3002 sublatam,
2248 2943 2285 2985 a

404 3092 451 3136 1.
506 3091 762 3145 Principem
823 3092 956 3132 orbis.
1033 3089 1261 3143 Pompee.
1374 3090 1511 3185 passe
1542 3102 1628 3145 par
1653 3091 1846 3136 l’edilite
1869 3105 1878 3132 ε
1902 3104 1962 3135 on
1984 3092 2052 3135 lui
2074 3094 2284 3137 attribua

351 3146 470 3188 voir
488 3144 536 3187 la
557 3148 666 3187 note
695 3144 719 3187 4
742 3144 799 3188 de
825 3143 871 3188 la
897 3155 945 3198 p.
980 3143 1072 3188 366.
1393 3154 1442 3186 es
1461 3145 1571 3187 voix
1586 3144 1697 3188 d'un
1711 3145 2023 3199 competiteur
2039 3145 2284 3190 dontnous

400 3198 442 3242 2.
476 3198 707 3251 Tanaqra.
770 3198 1007 3252 Tanagra,
1052 3197 1167 3239 ville
1208 3195 1264 3239 de
1375 3199 1602 3250 ignorons
1632 3199 1674 3241 le
1703 3209 1816 3241 nom
1847 3200 1927 3253 qui
1967 3202 2283 3253 commencait

350 3251 531 3299 Beotie,
554 3250 737 3295 celebre
777 3262 863 3306 par
891 3251 963 3294 les
1015 3251 1263 3292 statuettes
1370 3260 1458 3304 par
1479 3251 1527 3293 la
1547 3252 1701 3295 meme
1727 3251 1864 3295 lettre
1885 3261 1976 3306 que
2007 3254 2050 3296 le
2070 3254 2189 3296 sien.

346 3316 407 3348 en
432 3308 553 3347 terre
575 3306 705 3348 ruite
727 3306 812 3360 qui
834 3316 862 3360 y
884 3305 966 3347 ont
991 3303 1064 3348 ete
1087 3303 1261 3346 decou-
1424 3303 1464 3345 4.
1503 3303 1710 3346 Muneris
1755 3304 2004 3357 splendore.
2050 3307 2167 3349 Voir
2234 3307 2280 3349 la

348 3362 527 3401 vertes.
685 3369 692 3376 ·
1371 3359 1480 3400 note
1507 3356 1535 3400 6
1558 3357 1614 3400 de
1645 3358 1692 3400 la
1722 3369 1769 3411 p.
1800 3358 1899 3402 238.
1938 3358 2137 3402 ciceron
2168 3370 2279 3414 sup-

403 3410 443 3453 3.
500 3409 643 3450 Homo
687 3410 867 3452 nobilis.
919 3411 982 3454 Le
1030 3408 1156 3452 frere
1205 3409 1261 3452 de
1372 3411 2017 3467 poseironiquementqu'Ap
2050 3413 2127 3455 ius
2144 3413 2280 3456 Clau-

351 3463 558 3510 Clodius,
583 3463 762 3523 Appius
782 3463 1009 3506 Claudius
1033 3462 1258 3511 Pulcher,
1373 3462 1482 3505 dius
1529 3475 1557 3505 a
1595 3464 1700 3507 vole
1733 3466 1837 3508 tous
1875 3476 1953 3509 ces
1981 3477 2007 3508 o
2042 3466 2135 3520 jets
2153 3466 2275 3509 d’art

354 3516 436 3568 qui
459 3517 590 3575 ayait
628 3516 806 3567 reussi,
865 3518 974 3559 race
996 3516 1024 3558 a
1067 3517 1116 3559 la
1135 3525 1262 3576 com·
1372 3526 1491 3569 pour
1515 3527 1575 3559 en
1605 3518 1724 3560 faire
1763 3517 1892 3571 jouir
1927 3518 1970 3562 le
2006 3519 2178 3582 peuple
2202 3531 2278 3563 ro-

356 3567 519 3619 plicite
548 3567 612 3609 du
642 3569 810 3611 consul
879 3568 1261 3620 ison,asefa1re
1373 3568 1505 3610 main
1554 3570 1762 3623 pendant
1805 3568 1999 3615 l'edilite
2042 3573 2156 3626 quil
2213 3584 2274 3617 ne

357 3629 572 3659 nominer
600 3617 788 3671 preteur
810 3631 868 3663 en
891 3620 964 3671 57,
994 3633 1105 3664 sans
1127 3622 1262 3665 avoir
1372 3621 1531 3665 devait
1553 3632 1639 3676 pas
1653 3632 1859 3668 exercer.
2069 3631 2072 3634 '

2537 286 2555 651 „---...-—-—.
