2570 4026
47 0 688 215 Γπῖῄᾟῑνᾞ
705 12 714 23 -

95 48 106 57 “
289 38 304 53 .
317 52 328 65 ³
389 52 396 63 ι
411 40 436 59 ¹*
569 48 586 61 ³¹²
599 42 616 57 ’ἐ
647 56 654 65 s

183 70 194 79 ι
235 66 252 81 U

47 220 50 241 Ι

256 452 513 519 NaeviuS‚
547 455 615 510 et
632 456 815 511 trans
849 450 1037 527 Alpes
1083 469 1291 527 usque
1336 452 1741 512 transfertur.
1778 453 1876 511 Fit
1925 432 2160 529 magna

255 542 504 600 mutatio
551 541 707 614 loci,
736 558 870 600 non
902 540 1167 616 ingenii.
1207 543 1393 615 Nam,
1421 542 1528 618 qui
1560 542 1637 601 ab
1669 543 2158 602 adulescentulo

259 636 555 705 quaestum
582 631 711 691 sibi
749 630 1138 690 instituisset
1174 630 1312 690 sine
1351 630 1706 707 impendio,
1737 636 2160 708 posteaquam

255 720 453 779 nescio
484 719 643 796 quid
676 719 1020 796 impendit,
1057 723 1121 778 et
1173 720 1239 778 in
1294 736 1642 779 commune
1695 720 1991 794 contulit,
2026 737 2162 779 me-

260 808 439 868 diocri
468 812 723 885 quaestu
785 812 1129 868 contentus
1178 825 1324 868 esse
1376 827 1505 868 non
1570 812 1840 886 poterat.
1880 811 1974 868 13.
2031 811 2160 870 Nec

257 898 500 972 mirum,
537 899 594 956 si
626 898 705 971 is,
749 898 858 974 qui
894 914 1124 957 vocem
1170 899 1469 957 venalem
1512 899 1846 973 habuerat,
1888 916 1982 972 ea,
2019 917 2159 975 quae

259 1003 396 1046 voce
442 988 847 1064 quaesiverat,
903 1004 1139 1062 magno
1178 987 1300 1046 sibi
1359 988 1637 1065 quaestui
1679 987 1814 1047 fore
1873 989 2155 1065 putabat.

263 1075 458 1152 ltaque
488 1077 754 1137 hercule
788 1076 962 1136 haud
992 1076 1411 1136 mediocriter
1436 1076 1513 1136 de
1548 1076 1907 1150 communi,
1960 1076 2161 1152 quod-

265 1181 514 1243 cumque
533 1170 808 1243 poterat,
827 1167 905 1226 ad
927 1182 997 1226 se
1016 1167 1084 1225 in
1100 1166 1420 1244 privatam
1442 1167 1711 1227 domum
1735 1167 2078 1226 sevocabat
2100 1168 2113 1199 ¹
2141 1183 2154 1225 :

267 1271 372 1329 qua
416 1256 480 1314 in
514 1273 581 1316 re
607 1257 713 1317 ,ita
756 1256 1033 1332 diligens
1077 1259 1233 1328 erat,
1289 1257 1475 1333 quasi
1516 1258 1584 1330 ii,
1616 1257 1727 1334 qui
1761 1273 1999 1332 magna
2037 1255 2159 1316 fide

271 1344 620 1405 societatem
656 1349 973 1423 gererent,
995 1346 1336 1405 arbitrium
1359 1365 1473 1423 pro
1498 1347 1676 1411 socio
1700 1347 1721 1380 2
1741 1345 2159 1405 condemnari
2242 1366 2247 1372 ·

268 1433 540 1494 solerent.
567 1437 806 1495 Verum
828 1435 932 1494 his
952 1434 1027 1493 de
1055 1436 1249 1495 rebus
1272 1453 1406 1495 non
1422 1452 1690 1496 necesse
1715 1435 1921 1495 habeo
1944 1435 2158 1495 dicere

268 1536 347 1593 ea,
371 1542 502 1600 quae
523 1541 628 1584 me
658 1526 723 1584 P.
752 1525 1090 1595 Quinctius
1122 1526 1304 1602 cupit
1326 1543 1875 1596 commemorare3
1905 1525 2158 1583 tametsi

272 1626 436 1673 causa
470 1615 778 1691 postulat,
838 1618 1080 1684 tamen,
1117 1615 1268 1689 quia
1304 1615 1614 1691 postulat,
1662 1632 1795 1674 non
1835 1614 2074 1689 flagitat
2110 1616 2153 1687 ³,

269 1703 597 1776 praeteribO.
952 1703 955 1706 ’
1586 1727 1592 1733 ·

857 315 928 358 LE
973 321 1001 351 «
1036 315 1151 357 PRO
1193 316 1468 367 onlnc'rlo
1502 324 1529 355 »
2062 296 2155 356 Χ89

438 1918 813 1977 Parallele
855 1920 943 1975 de
981 1918 1290 1976 Naevius
1330 1921 1406 1976 et
1448 1921 1536 1976 de
1577 1918 1983 1989 Quinctius.

344 2101 518 2162 XXX.
554 2102 655 2163 91.
693 2091 1089 2161 Nunccausa.
1113 2105 1412 2178 perorata
1431 2103 1473 2174 ¹⁴,
1496 2118 1600 2161 res
1622 2102 1785 2181 ipsa,
1812 2106 1871 2160 et
1896 2104 2164 2179 periculi

270 2191 642 2266 magnitud0‚
674 2190 742 2249 C.
777 2190 1015 2267 Aquili,
1053 2206 1282 2266 cogere
1311 2191 1586 2266 videtur,
1611 2197 1685 2250 ut
1704 2195 1789 2265 te,
1811 2196 2000 2269 atque
2028 2210 2162 2268 eOS‚

274 2280 368 2354 qui
396 2280 508 2338 tibi
549 2280 618 2338 in
654 2278 931 2338 consilio
964 2281 984 2312 ³³
1043 2284 1217 2347 sunt,
1283 2281 1589 2340 obsecret
1633 2281 2121 2358 obtesteturque
2149 2284 2168 2317 ⁶

272 2367 327 2428 P.
360 2367 693 2439 Quinctius
724 2386 839 2445 per
885 2372 1284 2428 senectutem
1322 2370 1339 2402 ⁷
1377 2387 1448 2428 ac
1500 2368 1919 2429 solitudinem
1953 2388 2161 2444 suam,

267 2457 405 2516 nihil
435 2457 635 2533 aliud,
692 2458 821 2517 nisi
871 2462 944 2517 ut
983 2462 1212 2526 vestrae
1253 2462 1498 2518 naturae
1540 2459 1939 2535 bonitatique
1973 2461 2164 2520 obse-

265 2547 531 2622 quamini
566 2565 580 2621 3
614 2550 710 2620 ut,
740 2564 889 2606 cum
917 2547 1152 2607 veritas
1177 2565 1329 2607 cum
1357 2548 1481 2607 hoc
1503 2547 1697 2607 faciat
1719 2549 1761 2618 ⁸,
1791 2549 1936 2625 plus
1967 2549 2165 2626 hujus

261 2633 461 2714 inopia
493 2637 705 2715 possit
735 2629 810 2695 ad
864 2638 1409 2712 misericordiam,
1446 2656 1641 2716 quam
1671 2638 1849 2699 illius
1890 2656 2045 2716 opes
2087 2640 2162 2699 ad

262 2805 345 2846 eti-e
376 2806 480 2898 plus
502 2805 604 2848 tard
626 2803 817 2848 achetee
834 2815 920 2859 par
939 2803 1151 2848 Ciceron.

302 2856 339 2902 1.
371 2884 380 2896 .
397 2860 658 2908 'evocabam
672 2860 879 2912 appelait
891 2859 1087 2902 {tl'ecal't
1100 2873 1123 2902 ))
1140 2875 1148 2905 :

259 2911 283 2953 il
313 2913 438 2955 tirait
466 2913 494 2954 a
528 2915 634 2966 part
665 2924 785 2966 pour
820 2924 878 2955 cn
908 2913 1029 2955 faire
1065 2925 1150 2955 son

254 2966 378 3017 profit
399 2966 674 3028 partic-ulier
698 2968 796 3007 tout
822 2977 874 3007 ce
904 2967 1016 3019 qn'il
1040 2979 1151 3020 pou-

253 3020 336 3061 vait
362 3020 582 3062 disti-aire
604 3019 661 3061 de
684 3020 1022 3064 l’association.

294 3072 331 3116 2.
361 3074 608 3114 Arbitrium
647 3086 713 3113 1²¹0
733 3074 851 3113 socio
868 3074 988 3115 indi(
1006 3083 1064 3115 ue
1083 3073 1151 3116 les

250 3130 487 3169 sentences
510 3087 764 3170 arbitlrales
780 3085 1061 3180 auxquellles
1085 3127 1151 3169 les

246 3178 488 3224 difficultes
518 3191 785 3223 survenues
810 3179 932 3221 dans
963 3192 1055 3223 une
1081 3194 1149 3222 so-

244 3232 354 3276 ciete
395 3237 596 3287 penvent
644 3235 828 3276 donner
875 3234 1144 3277 naissance.

248 3286 437 3330 ciceron
455 3287 649 3342 pretend
669 3287 1023 3340 ironiquement
1038 3299 1145 3341 qne.

246 3340 421 3394 d’apres
441 3342 657 3390 Naevius,
681 3341 828 3386 seuls.
851 3340 921 3382 les
941 3342 1148 3383 associes

246 3393 400 3437 fideles
412 3395 440 3436 a
459 3395 590 3438 leurs
603 3396 945 3448 engagements
959 3396 1147 3437 avaient

245 3449 417 3491 chance
437 3448 581 3491 d‘etre
611 3446 905 3490 condamnes
937 3457 1020 3499 par
1047 3448 1146 3491 l'ar-

243 3501 373 3545 bitre.
398 3502 488 3544 Sur
519 3503 561 3544 le
587 3501 689 3542 role
713 3501 770 3543 de
801 3500 1024 3549 l'arbitre,
1045 3503 1146 3544 voir

244 3565 300 3607 pa
330 3566 354 3598 e
389 3554 455 3599 81.

317 3640 327 3649 .
357 3609 623 3652 Postulat...
649 3607 856 3660 flayitat.
870 3607 1053 3648 Postulo
1072 3608 1152 3661 (de.

1254 2806 1426 2861 posco),
1449 2808 1558 2851 c'cst
1583 2809 1823 2862 presenter
1841 2820 1936 2852 une
1956 2811 2164 2864 requete,

1261 2862 1544 2908 demander:
1575 2864 1757 2917 slaqito,
1793 2863 2019 2905 solliciter
2050 2876 2164 2906 avec

1262 2916 1479 2959 instance
1511 2919 1556 2959 ct
1590 2916 1897 2969 importunite
1931 2931 1939 2957 :
1972 2916 2028 2959 de
2060 2920 2164 2959 tous

1265 2969 1332 3010 les
1352 2971 1521 3012 vei-bes
1542 2971 1622 3025 qui
1652 2970 1890 3024 signifient
1909 2969 2162 3013 denumder.

1260 3022 1373 3082 c'est
1408 3024 1532 3065 celui
1567 3024 1647 3078 qui
1680 3035 1707 3065 a
1746 3024 1787 3065 le
1827 3035 1938 3066 sens
1974 3024 2016 3067 le
2057 3025 2164 3077 plus

1260 3078 1532 3130 «mergique.

1312 3129 1352 3172 4.
1388 3131 1534 3170 Causa
1567 3135 1793 3183 perorata.
1825 3131 1888 3172 Le
1955 3130 2163 3184 laidoyer

1259 3187 1400 3235 ayant
1431 3183 1502 3225 ete
1522 3184 1761 3237 prononce
1782 3195 1885 3226 com
1941 3183 2159 3226 etcment.

1311 3237 1350 3278 5.
1382 3236 1435 3276 In
1459 3238 1658 3278 consilio.
1683 3239 1797 3279 Voir
1826 3248 1873 3291 p.
1919 3238 1959 3286 5,
1990 3242 2099 3280 note
2121 3240 2160 3279 3.

1311 3290 1350 3330 6.
1375 3290 1575 3330 Obsecret
1589 3291 1650 3343 (v.
1667 3291 1713 3332 la
1730 3294 1840 3334 note
1853 3291 1948 3333 6de
1961 3291 2007 3333 la
2018 3302 2061 3344 p.
2075 3291 2161 3344 87),

1266 3343 1592 3395 obtestetur-que
1648 3344 1856 3396 (prendre
1903 3348 1930 3384 ίι
1983 3347 2158 3390 temam,

1257 3397 1384 3449 puis,
1410 3397 1534 3449 parier
1552 3396 1857 3449 instamment,
1878 3398 2106 3450 supplicio.

1308 3449 1348 3493 7.
1382 3451 1674 3490 .S'enectute›n.
1691 3451 1746 3491 P.
1761 3451 2015 3500 Quinctius
2037 3453 2161 3493 avait

1255 3505 1454 3545 environ
1483 3504 1699 3545 soixante
1730 3514 1830 3546 ans.

1309 3555 1347 3598 8.
1380 3556 1556 3600 Faciat.
1593 3557 1707 3597 Voir
1743 3556 1790 3601 la
1823 3560 1932 3601 note
1960 3558 1985 3599 ’7
2025 3557 2081 3600 de
2115 3558 2160 3598 la

1255 3619 1374 3663 page
1398 3609 1464 3652 83.
