2570 4026
467 297 496 329 «
529 291 591 335 IN
620 291 686 334 M.
720 288 1030 333 ANTONIUM
1055 252 1273 332 ORATIO
1304 285 1635 334 PHILIPPICA
1666 287 1973 332 UNDECIMA
2004 296 2032 342 η
2120 275 2233 333 511

324 444 394 486 se
426 427 694 487 abduxit
719 425 1088 497 Dolabellae,
1117 427 1308 500 atque
1330 432 1480 481 eum
1512 424 1804 483 nondum
1834 429 2008 485 tanto
2033 427 2239 503 parri-
2284 503 2287 508 .

324 515 493 576 eidio
523 516 857 589 oblitum¹,
890 515 1148 574 hostem
1182 530 1300 571 sua
1327 512 1646 572 sententia
1679 513 2015 589 judicavit.
2050 518 2233 588 Nam,

323 606 390 664 ni
422 605 506 665 ita
531 609 726 679 esset,
763 622 890 681 quo
908 604 1054 680 jure
1084 601 1445 678 equitatum
1487 602 1819 662 aconsule
1849 604 2240 665 abduceret?

323 697 420 755 28.
476 695 680 767 Quid‘?
708 695 771 755 C.
808 694 1091 766 Cassius,
1127 691 1263 768 pari
1289 689 1734 766 magnitudine
1767 694 1967 752 animi
1991 698 2054 753 et
2085 711 2242 754 eon-

323 784 453 843 silii
481 784 817 862 praeditus,
852 798 1064 844 nonne
1107 798 1184 841 eo
1218 798 1295 839 ex
1348 779 1530 839 Italia
1583 781 1856 840 consilio
1911 782 2239 858 profectus

320 878 441 943 est,
477 877 547 932 ut
575 872 950 949 prohiberet
984 870 1167 947 Syria
1222 868 1658 928 Dolabellam?
1686 870 1821 939 Qua
1870 871 2052 948 lege?
2110 889 2237 948 quo

314 962 502 1037 jure?
527 964 634 1033 Eo,
665 960 837 1038 quod
886 960 1137 1037 Jupiter
1176 958 1315 1036 ipse
1370 960 1601 1029 sanxit,
1652 963 1722 1017 ut
1791 961 2033 1032 omnia,
2094 978 2237 1037 quae

320 1053 411 1111 rei
445 1050 719 1128 publicae
748 1049 1055 1110 salutaria
1094 1052 1335 1119 essent,
1379 1048 1670 1124 legitima
1709 1053 1772 1108 et
1812 1048 1990 1124 justa
2038 1049 2238 1110 habe-

318 1146 562 1199 rentur.
599 1140 706 1199 Est
736 1129 910 1200 enim
941 1140 1042 1198 lex
1059 1136 1220 1198 nihil
1240 1136 1439 1210 aliud,
1474 1138 1599 1196 nisi
1632 1141 1808 1198 reeta
1825 1143 1887 1197 et
1908 1156 1944 1197 a
1968 1139 2235 1197 numine

320 1228 587 1288 deorum
647 1231 849 1288 tracta
912 1227 1098 1298 ratio,
1160 1226 1486 1302 imperans
1548 1226 1844 1300 honesta,
1884 1227 2236 1303 prohibens

319 1319 659 1378 contraria.
694 1317 856 1377 Huic
888 1317 1084 1393 igitur
1114 1315 1239 1392 legi
1274 1316 1489 1393 paruit
1519 1314 1803 1388 CassiuS,
1850 1332 2000 1374 eum
2047 1319 2144 1374 est
2170 1316 2237 1374 in

316 1405 567 1485 Syriam
609 1407 963 1483 profectus,
1024 1404 1306 1464 alienam
1344 1404 1769 1481 provinciam,
1827 1404 1882 1464 si
1934 1405 2233 1464 homines

317 1496 571 1573 legibus
604 1496 863 1573 seriptis
885 1502 904 1532 ²
935 1498 1291 1569 uterentur,
1326 1494 1428 1556 his
1462 1512 1611 1555 vero
1656 1495 2011 1572 oppressiS,
2048 1511 2234 1556 suam

315 1585 455 1662 lege
477 1590 751 1660 naturae.

393 1694 491 1751 29.
541 1692 684 1766 Sed,
722 1697 792 1753 ut
817 1711 891 1753 ea
921 1697 1134 1755 vestra
1162 1711 1422 1771 quoque
1454 1693 1831 1754 auctoritate
1862 1694 2222 1766 firmentur,

313 1798 551 1842 censeo
578 1802 591 1842 :
632 1807 659 1835 »
692 1783 849 1842 Cum
879 1785 946 1842 P.
974 1782 1324 1859 Dolabella,
1361 1785 1601 1860 quique
1621 1783 1764 1859 ejus
1792 1783 2227 1844 erudelissimi

311 1875 373 1929 et
405 1872 716 1931 teterrimi
771 1872 1079 1932 facinoris
1127 1872 1434 1946 ministri,
1480 1872 1665 1940 socii,
1722 1867 2052 1948 adetores
2098 1872 2232 1931 fue-

311 1964 481 2036 runt,
566 1961 787 2022 hostes
879 1962 1105 2039 populi
1184 1962 1460 2023 Romani
1541 1979 1577 2021 a
1652 1964 1881 2022 senatu
1959 1960 2230 2039 judicati

221 2077 226 2083 ·
318 2053 471 2125 sint,
529 2069 806 2129 eumque
883 2057 1147 2113 senatus
1202 2054 1268 2112 P.
1318 2052 1714 2113 Dolabellam
1772 2052 1942 2112 bello
2007 2056 2268 2130 perse-‘

312 2140 638 2218 quendum
724 2143 1073 2217 censuerit,
1155 2146 1225 2202 ut
1305 2143 1383 2218 is,
1471 2144 1580 2221 q'ui
1654 2143 1874 2203 omnia
1952 2142 2228 2203 deorum

309 2231 784 2308 hominumque
838 2232 986 2309 jura
1043 2252 1235 2306 novo,
1301 2234 1614 2307 inaudite,
1673 2233 2046 2310 inexpiabili
2089 2250 2230 2293 sce-

307 2320 441 2380 lere
496 2319 822 2396 polluerit,
868 2321 1248 2398 nefarioque
1305 2339 1373 2381 se
1414 2322 1635 2399 patriae
1680 2320 2025 2398 parricidio
2084 2321 2229 2380 obs-

306 2410 601 2469 trinxerit
623 2411 667 2482 ³,
698 2427 921 2486 poenas
967 2405 1092 2470 diis
1124 2411 1633 2487 hominibusque
1661 2412 1925 2470 meritas
1954 2410 2229 2471 debitas-

306 2516 432 2576 que
464 2498 808 2576 persolvat,
843 2501 1091 2559 senatui
1129 2500 1406 2578 placere,
1450 2501 1513 2561 C.
1551 2500 1867 2573 Cassium,
1923 2517 2038 2577 pro
2072 2518 2253 2571 conf

306 2588 471 2660 sule,
506 2589 908 2664 provinciam
944 2589 1191 2667 Syriam
1217 2590 1533 2664 obtinere,
1563 2589 1655 2650 uti
1681 2590 1791 2667 qui
1809 2591 2053 2666 optimo
2078 2591 2226 2666 jure

307 2695 452 2738 eam
482 2677 885 2754 provinciam
918 2678 1305 2755 obtinuerit;
1337 2697 1485 2740 eum
1509 2697 1545 2739 a
1571 2680 1641 2752 Q.
1680 2679 1913 2739 Marcio
1941 2677 2221 2757 Crispo&

353 2837 397 2878 l.
432 2835 624 2877 Oblitum
662 2836 880 2889 (oblino).
926 2836 1109 2881 Souine
1138 2839 1202 2882 du
1315 2839 1384 2882 les
1419 2837 1671 2893 illegalites
1705 2838 1762 2882 de
1798 2839 2009 2881 Cassius.

301 2892 510 2933 ment-tre
530 2889 587 2931 de
599 2889 884 2934 Trebonius.
909 2891 972 2934 Le
996 2896 1201 2936 meurtre
1366 2893 1409 2935 3.
1449 2892 1769 2934 obstr-inurit.
1794 2893 1911 2935 Voir
1927 2894 1973 2935 la
1994 2897 2100 2937 note
2123 2893 2148 2938 1
2165 2895 2224 2938 de

298 2943 411 2987 d'un
443 2943 645 2997 citoyen.
678 2941 706 2985 a
736 2944 844 2997 plus
875 2945 995 2987 sorte
1039 2947 1204 2988 raison
1314 2946 1361 2988 la
1385 2957 1429 3000 p.
1455 2945 1553 2989 278.

296 2998 410 3045 d’un
472 2996 711 3044 roconsul,
740 2999 814 3040 est
875 3009 942 3041 un
970 2999 1204 3052 parricide
1368 2999 1406 3041 4.
1432 2998 1666 3049 Q.Marcio
1683 2998 1863 3051 Crispo.
1889 3000 1996 3043 Ami
2018 3001 2074 3043 de
2095 3001 2226 3046 Cice-

296 3049 382 3106 (cf.
458 3062 568 3099 err..
602 3050 702 3104 (ΙΙ),
731 3052 787 3099 V,
814 3063 949 3099 wa,
993 3051 1069 3095 170
1094 3066 1102 3092 :
1129 3052 1205 3094 Cz'-
1314 3053 1920 3100 ron,souventmentionne
1933 3065 2047 3096 avec
2063 3055 2223 3110 eloges

295 3117 388 3145 vem
424 3116 707 3146 romanum...
747 3116 887 3157 prope
905 3105 1204 3157 parricidium
1314 3107 1435 3149 dans
1467 3117 1522 3149 sa
1550 3106 1982 3160 correspondance,
2018 3108 2069 3157 Q.
2096 3110 2221 3151 Mar-

295 3156 494 3208 necare).
539 3167 724 3200 comme
777 3158 1009 3201 l'attentat
1039 3162 1200 3202 contre
1310 3161 1413 3202 cius
1456 3161 1653 3214 Crispus
1692 3160 1819 3203 avait
1869 3160 1941 3203 ete
1999 3159 2123 3215 legat
2160 3162 2218 3205 de

296 3211 344 3253 la
373 3211 521 3264 patrie
548 3210 563 3264 (
602 3212 733 3252 atriae
754 3211 1049 3266 parricidio).
1085 3213 1201 3256 Voir
1312 3214 1362 3255 L.
1391 3214 1520 3255 Piso.
1543 3214 1656 3255 —L.
1687 3214 1867 3256 Statius
1881 3215 2078 3256 Murcus
2099 3215 2219 3259 n’est

298 3264 346 3306 la
374 3265 481 3307 note
509 3262 536 3305 2
590 3275 614 3307 e
643 3266 690 3308 la
711 3274 829 3319 page
849 3264 949 3308 300.
1311 3266 1454 3320 gnere
1477 3278 1635 3309 connu
1660 3277 1754 3319 que
1777 3277 1863 3320 par
1883 3267 1953 3309 les
1980 3266 2138 3322 eloges
2161 3268 2217 3313 de

349 3317 393 3360 2.
437 3317 626 3370 Leqz'bus
658 3318 857 3370 scriptis.
903 3318 1097 3361 ciceron
1131 3321 1203 3362 est
1312 3319 1526 3363 Ciceron.
1559 3344 1612 3352 -—
1642 3322 1694 3362 A.
1727 3320 1961 3369 Allienus,
1996 3319 2118 3375 legat
2160 3321 2216 3365 de

296 3371 506 3424 emporte
527 3382 612 3425 par
624 3382 699 3414 ses
712 3373 930 3424 passions
943 3372 1199 3426 politiques
1311 3375 1369 3423 Q.
1393 3374 1555 3417 Cicero
1577 3385 1635 3417 en
1657 3375 1766 3416 Asie
1784 3373 1885 3427 (6(·),
1901 3373 2090 3427 preteur
2112 3375 2214 3426 (49),

331 3423 459 3467 uand
480 3423 513 3465 il
536 3424 741 3468 foi-mule
767 3428 886 3469 cette
908 3426 1199 3478 dangereuse
1310 3428 1565 3481 proconsul
1591 3439 1649 3470 en
1672 3426 1818 3469 Sicile
1843 3426 1944 3480 (48),
1980 3429 2214 3471 remettait

295 3482 313 3521 t
351 3476 478 3520 eorie
506 3477 566 3520 de
596 3477 644 3520 la
675 3490 731 3522 su
767 3478 960 3523 eriorite
986 3478 1112 3521 dela
1135 3480 1201 3523 loi
1313 3481 1340 3523 a
1387 3482 1581 3523 Cassius
1629 3484 1797 3534 quatre
1855 3476 2040 3547 legions
2097 3480 2213 3533 qu'il

293 3529 531 3574 naturelle
554 3542 636 3573 sur
656 3532 721 3575 les
761 3532 832 3574 ois
855 3531 1048 3577 ecrites:
1073 3532 1202 3575 l'auc-
1312 3532 1853 3588 amenaitd’Egypte.Cf.
1868 3532 2019 3585 Epist.
2035 3533 2214 3583 Famil„

296 3584 462 3625 toritas
490 3583 554 3627 du
598 3585 741 3628 Senat
770 3586 868 3629 doit
897 3587 1201 3630 sanctionner
1312 3588 1421 3637 XII,
1454 3599 1520 3637 xi,
1551 3587 1604 3634 2:
1638 3599 1724 3634 xn,
1752 3587 1796 3630 l.
