2570 4026
352 276 472 335 412
562 292 671 336 oss
713 291 996 336 mscouas
1039 292 1449 337 consummes
1494 293 1613 337 on
1657 293 2063 344 pumpmouns

352 428 623 487 deorum
673 428 1141 487 immortalium
1174 429 1416 504 templa
1465 427 1792 505 patefecit.
1826 425 1964 505 Ego
2001 445 2151 488 cum
2210 429 2283 489 in

351 517 677 585 contione,
721 516 946 576 abiens
988 516 1395 593 magistratu,
1448 517 1661 576 dicere
1695 535 1731 575 a
1762 517 2020 576 tribuno
2067 518 2283 594 plebis

351 605 789 682 prohiberer1,
827 623 968 681 quae
1010 606 1499 675 constitueram,
1531 623 1811 682 cumque
1843 607 1899 665 is
1939 607 2097 664 mihi
2139 610 2318 684 tan--

353 699 489 754 tum
539 694 735 754 modo
767 707 836 753 ut
875 695 1166 770 jurarem
1213 695 1638 771 permitteret,
1675 696 1814 754 sine
1847 695 1973 754 ulla
2019 695 2281 756 dubita-

352 784 527 844 tione
575 784 810 861 juravi‚
859 801 996 842 rem
1048 783 1377 860 publicam
1424 787 1615 860 atque
1648 784 1814 843 hanc
1860 786 2085 844 urbem
2129 802 2284 845 mea

351 874 543 932 unius
582 890 776 950 opera
817 888 961 933 esse
1004 872 1270 931 salvam.
1312 874 1369 930 7.
1421 873 1570 931 Mihi
1618 873 1895 951 populus
1945 874 2280 934 Romanus

351 962 832 1022 universus'illa
862 962 928 1020 in
959 962 1260 1021 contione
1311 978 1444 1020 non
1484 962 1679 1021 unius
1726 962 1852 1021 diei
1902 963 2281 1039 gratulatio-

352 1068 528 1121 nem,
588 1051 700 1111 sed
751 1051 1175 1110 aeternitatem
1235 1049 1924 1127 immortalitatemque
1984 1051 2273 1125 donavit,

352 1158 502 1201 cum
534 1158 754 1199 meum
793 1140 902 1215 jus
948 1139 1299 1216 jurandum
1331 1139 1455 1198 tale
1497 1143 1687 1215 atque
1721 1143 1991 1210 tantum,
2016 1139 2278 1215 juratus

353 1231 514 1307 ipse,
554 1246 681 1289 una
716 1246 873 1288 voce
906 1234 968 1288 et
1014 1244 1335 1288 consensu
1385 1229 1784 1304 approbavit.
1829 1229 1965 1299 Quo
2008 1230 2276 1306 quidem

351 1322 644 1395 tempore
668 1318 723 1377 is
746 1334 931 1377 meus
959 1316 1227 1376 domum
1253 1317 1373 1375 fuit
1405 1334 1437 1376 e
1462 1317 1624 1376 Foro
1653 1317 1920 1389 reditus,
1955 1323 2024 1377 ut
2050 1336 2274 1391 nemo,

352 1408 481 1466 nisi
533 1408 640 1484 qui
691 1423 949 1466 mecum
983 1410 1175 1477 esset,
1221 1406 1461 1465 civium
1505 1422 1650 1466 esse
1692 1407 1758 1466 in
1788 1424 2059 1466 numero
2091 1408 2278 1469 vide-

353 1499 550 1556 retur.
601 1498 806 1573 Atque
858 1497 947 1554 ita
1002 1500 1101 1556 est
1160 1512 1196 1554 a
1238 1512 1344 1555 me
1389 1496 1767 1556 consulatus
1821 1502 2146 1573 peractus,
2202 1502 2279 1557 ut
2359 1552 2368 1559 .

350 1585 512 1644 nihil
572 1586 710 1644 sine
776 1585 1051 1644 consilio
1111 1587 1400 1654 senatuS,
1462 1584 1623 1642 nihil
1681 1602 1813 1644 non
1871 1586 2277 1662 approbante

350 1674 589 1752 populo
614 1674 902 1733 Romano
932 1673 1198 1750 egerim,
1222 1677 1296 1732 ut
1317 1690 1575 1750 semper
1603 1674 1668 1731 in
1693 1675 1921 1733 rostris
1956 1675 2204 1734 curiam
2223 1676 2272 1749 ²,

349 1763 418 1820 in
441 1767 672 1821 senatu
701 1762 1014 1839 populum
1047 1760 1472 1833 defenderim,
1503 1767 1573 1821 ut
1603 1762 2091 1823 multitudinem
2118 1781 2276 1824 cum

354 1850 787 1928 principibus,
860 1855 1229 1928 equestrem
1280 1850 1577 1910 ordinem
1636 1868 1786 1911 cum
1845 1864 2071 1911 senatu
2119 1869 2277 1913 con-

344 1938 673 2018 junxerim
708 1941 751 2013 ³„
788 1941 1067 2018 Exposui
1106 1939 1384 1999 breviter
1416 1941 1824 2000 consulatum
1857 1958 2104 2001 meum.

418 2119 602 2190 Apres
631 2119 794 2174 avoir
823 2119 929 2174 fait
959 2118 1166 2190 l'eloge
1189 2119 1262 2174 de
1289 2135 1396 2174 son
1423 2118 1714 2185 consulat,
1748 2121 1997 2175 Ciceron
2027 2125 2274 2191 attaque

349 2199 734 2255 violemment
778 2199 833 2254 le
875 2199 1147 2255 consulat
1185 2199 1256 2254 de
1301 2200 1498 2254 Pison.
1547 2200 1591 2255 Il
1636 2200 1912 2256 s'attache
1944 2200 2276 2256 amontrer

350 2295 464 2350 que
492 2278 808 2335 l'asfection
830 2284 888 2333 et
916 2278 971 2332 le
996 2283 1231 2349 respect
1253 2278 1326 2333 de
1353 2295 1447 2333 ses
1466 2278 1848 2349 concitoyens
1869 2279 2014 2334 l'ont
2039 2294 2274 2335 accom-

350 2360 543 2431 pagn&
592 2361 737 2414 dans
784 2364 975 2414 toutes
1018 2359 1105 2413 les
1154 2358 1593 2414 circonstances
1621 2359 1691 2414 de
1723 2375 1788 2414 sa
1837 2361 1928 2416 vie
1955 2359 2271 2430 politique,

353 2439 510 2495 alors
537 2456 650 2510 que
700 2439 879 2494 Pison
929 2455 1003 2493 ne
1047 2438 1383 2494 recueillait
1424 2444 1659 2509 partout
1685 2456 1798 2510 que
1838 2440 2015 2495 haine
2047 2444 2105 2495 et
2152 2456 2274 2510 que

352 2521 593 2591 mepriS.
631 2521 705 2575 Le
738 2519 943 2575 consul
972 2519 1043 2573 de
1074 2518 1191 2573 l'an
1232 2522 1299 2574 63
1341 2519 1550 2575 insiste
1581 2520 2127 2591 particulierement
2167 2536 2276 2575 sur

350 2600 435 2655 les
467 2600 816 2655 sentiments
846 2600 916 2654 de
945 2598 1209 2654 tristesse
1234 2616 1348 2670 que
1376 2599 1463 2655 les
1489 2600 1797 2656 senateurs
1819 2600 2277 2660 manifesterent

349 2697 424 2736 au
457 2685 722 2735 moment
764 2681 835 2734 de
867 2696 974 2734 son
1007 2679 1214 2749 depart
1244 2696 1397 2750 pour
1425 2679 1588 2734 l'exil
1621 2687 1678 2736 et
1718 2698 1820 2737 sur
1858 2681 1911 2736 le
1940 2681 2059 2736 zele
2091 2681 2273 2752 qu'ils

347 2762 586 2827 mirent,
641 2761 745 2816 des
795 2776 910 2831 que
966 2759 1093 2815 cela
1149 2759 1282 2816 leur
1328 2759 1420 2815 fut
1467 2762 1712 2832 permiS‚
1760 2762 1795 2816 a
1842 2763 2110 2817 decretor
2161 2778 2276 2817 son

350 2842 581 2913 rappel.

565 3084 775 3143 Deuil
815 3087 910 3144 du
952 3083 1183 3143 senat
1222 3098 1324 3160 ¹au
1361 3087 1678 3143 moment
1718 3087 1807 3142 de
1848 3084 2049 3142 l’exil

1044 3177 1132 3232 cle
1173 3173 1476 3233 ciceron
1504 3176 1547 3229 ⁴.

427 3353 585 3414 VIII.
630 3354 727 3411 17.
780 3355 870 3413 Tu
906 3370 976 3413 es
1016 3353 1146 3424 ille,
1190 3355 1293 3413 cui
1342 3354 1690 3414 crudelitas
1741 3353 2085 3430 displicet?
2128 3355 2266 3430 qui,

405 3462 446 3500 1.
468 3456 750 3499 Prohiberer.
768 3458 884 3500 Voir
903 3469 947 3512 p.
970 3456 1042 3503 38.
1359 3458 1417 3502 de
1439 3458 1486 3501 la
1517 3470 1562 3512 p.
1595 3458 1692 3503 254.

403 3513 448 3552 2.
487 3509 683 3552 Curiam.
708 3511 881 3554 voit-la
909 3514 1018 3554 note
1066 3510 1091 3555 1
1112 3511 1169 3555 de
1205 3511 1251 3554 la
1412 3511 1458 3556 3.
1487 3511 1827 3565 Conjunmerim.
1864 3514 1920 3557 V.
1950 3523 2002 3557 n.
2030 3514 2048 3553 1
2086 3523 2134 3566 p.
2164 3512 2267 3557 318.

354 3572 398 3614 p.
426 3562 524 3605 ¹17.
561 3581 612 3594 -
640 3562 836 3606 Rostris.
868 3564 984 3606 Voir
1006 3564 1049 3606 la
1089 3568 1198 3607 note
1226 3565 1252 3607 5
1413 3565 1452 3608 4.
1486 3566 1601 3607 Voir
1631 3575 1673 3618 p.
1699 3565 1763 3608 48.
