2570 4026
330 327 447 385 466
1011 346 1117 389 Les
1167 346 1575 398 rfflmrmousss

330 494 598 537 cursum
640 478 880 554 videte,
922 498 1119 557 quem
1161 481 1424 558 quidem
1458 482 1754 542 celeriter
1793 483 2247 561 perstringam.

330 565 422 626 Ad
476 566 615 627 haec
659 567 857 641 enim,
912 586 1054 645 quae
1110 571 1175 629 in
1225 570 1400 630 civili
1445 569 1643 645 bello,
1695 571 1758 629 in
1809 571 2113 630 maximis
2161 572 2253 631 rei

330 654 606 733 publicae
637 657 921 717 miseriis
954 658 1127 732 fecit,
1161 664 1223 720 et
1244 659 1323 718 ad
1355 677 1449 733 ea,
1478 677 1619 738 quae
1647 659 1883 719 cotidie
1916 660 2090 734 facit,
2127 661 2254 722 fes·

332 746 493 805 tinat
526 747 807 808 animus
834 747 984 818 Qua¹
1018 753 1188 840 peto?
1225 754 1320 821 ut,
1355 765 1728 826 quanquam
1758 750 1964 809 multo
1997 751 2255 811 notiora

331 829 541 908 iobis,
598 854 794 913 quam
853 835 1015 896 mihi
1074 843 1245 906 sunt,
1308 842 1547 912 tamen,
1597 843 1669 897 ut
1721 838 1955 912 facitis,
2012 843 2252 899 attente

330 923 630 984 audiatis,
665 925 861 984 Debet
894 926 1064 984 enim
1092 927 1333 985 talibus
1365 927 1430 986 in
1460 927 1655 987 rebus
1688 929 1965 987 excitare
1994 928 2251 988 animos

328 1030 459 1074 non
516 1014 802 1090 cognitio
862 1014 1076 1074 solum
1131 1033 1376 1088 rerum,
1431 1015 1544 1075 sed
1598 1017 1791 1075 etiam
1849 1017 2248 1088 recordatio:

331 1103 452 1161 etsi
506 1102 933 1177 incidamus¹,
979 1103 1231 1181 opinor,
1289 1105 1528 1177 media,
1577 1121 1658 1165 ne
1717 1105 1916 1164 nimis
1967 1123 2113 1165 sero
2173 1105 2253 1166 ad

331 1195 619 1251 extrema
640 1193 1001 1252 veniamus,

409 1310 508 1368 48.
536 1310 810 1369 Intimus
825 1314 961 1370 erat
983 1310 1047 1369 in
1072 1311 1400 1371 tribunatu
1428 1311 1673 1385 clodio,
1698 1313 1810 1389 qui
1831 1329 1949 1372 sua
1974 1329 2126 1389 erga
2146 1331 2255 1373 me

330 1398 645 1459 beneficia
696 1403 1206 1473 commemorat;
1257 1400 1399 1477 ejus
1452 1401 1746 1460 onmium
1801 1401 2255 1462 incendiorum

333 1489 438 1546 fax
457 1489 498 1561 ²,
536 1488 722 1565 cujUs
750 1488 944 1547 etiam
965 1488 1141 1547 domi
1160 1488 1299 1565 jam
1322 1494 1458 1549 tum
1488 1490 1795 1567 quiddam
1828 1490 2097 1550 molitus
2131 1497 2255 1552 est.

331 1577 496 1647 Quid
524 1577 758 1652 dicam,
798 1578 937 1655 ipse
984 1579 1227 1655 optime
1260 1579 1596 1656 intellegit.
1634 1579 1786 1640 Inde
1819 1581 1939 1640 iter
1977 1581 2256 1640 Alexan-

332 1666 539 1726 driam
566 1671 791 1727 contra
823 1671 1088 1727 senatus
1120 1670 1595 1738 auctoritatem,
1621 1675 1844 1729 contra
1874 1687 2009 1728 rem
2037 1670 2257 1747 publi-

333 1773 475 1816 cam
516 1759 577 1816 et
617 1755 1035 1835 religiones⁸.
1090 1758 1213 1818 Sed
1247 1759 1541 1819 babebat
1586 1758 1817 1818 ducem
1877 1759 2251 1833 Gabinium,

332 1846 599 1922 quicum
650 1845 907 1922 quidvis
951 1846 1363 1906 rectissime*
1405 1847 1614 1908 facere
1655 1850 1898 1924 posset.
1942 1847 2060 1918 Qui
2109 1853 2254 1908 tum

332 1933 481 1995 inde
524 1935 795 2008 redum,
840 1939 950 1993 aut
982 1935 1236 2012 qualis?
1271 1937 1459 1996 Prius
1493 1937 1556 1995 in
1591 1935 1892 1995 ultimam
1934 1936 2210 1995 Galliam
2235 1935 2258 1969 ⁵

334 2042 408 2083 ex
451 2027 745 2102 AEgypt0‚
794 2041 987 2101 quam
1035 2025 1328 2087 domum.
1365 2027 1515 2097 Quae
1547 2031 1763 2087 autem
1806 2031 1940 2086 erat
1976 2025 2257 2087 domus?

332 2114 528 2174 Suam
553 2114 726 2173 enim
752 2115 1027 2192 quisque
1056 2114 1325 2175 domum
1349 2119 1489 2174 tum
1510 2116 1862 2189 obtinebat,
1889 2132 2099 2192 neque
2122 2125 2261 2176 erat

333 2221 615 2280 usquam
647 2208 778 2264 tua.
816 2205 1096 2263 Domum
1127 2204 1313 2277 dico;
1349 2206 1503 2282 quid
1530 2210 1666 2265 erat
1695 2205 1758 2264 in
1801 2204 2009 2279 terriS,
2043 2204 2154 2264 ubi
2189 2205 2256 2264 in

333 2298 445 2352 tuo
494 2292 727 2370 pedem
780 2310 1075 2370 ponereS,
1126 2297 1359 2370 praeter
1406 2311 1612 2353 unum
1658 2294 2033 2370 Misenum⁶,
2082 2295 2260 2371 quod

333 2399 484 2442 cum
521 2382 740 2455 sociis,
772 2386 1080 2459 tanquam
1117 2383 1522 2461 Sisaponem,
1560 2383 1871 2461 tenebas-⁶?

418 2509 546 2569 XX.
595 2509 694 2567 49.
743 2508 991 2568 Venisti
1032 2526 1065 2567 e
1096 2507 1304 2567 Gallia
1343 2508 1421 2569 ad
1454 2513 1847 2586 quaesturam
1884 2509 2257 2587 petendam.

386 2715 425 2759 1.
462 2714 732 2758 lucidamus.
771 2713 809 2755 ΙΙ
851 2718 922 2758 est
971 2712 1243 2759 necessaioe

336 2769 392 2811 de
415 2770 536 2810 faire
556 2768 638 2810 des
656 2778 892 2821 coupures
914 2767 1032 2811 dans
1064 2770 1104 2811 le
1127 2769 1244 2811 recit

335 2822 417 2864 des
439 2823 611 2865 crimes
625 2822 706 2876 qui
720 2822 999 2874 ontsignale
1016 2823 1056 2864 le
1078 2823 1242 2864 milieu

335 2876 394 2918 de
416 2876 464 2917 ia
489 2874 696 2918 carriere
712 2873 963 2919 d'Antoine
989 2888 1109 2930 pour
1129 2878 1246 2918 arri-

335 2940 418 2971 ver
448 2940 543 2971 aux
571 2929 679 2982 plus
711 2926 918 2971 recents.

388 2981 431 3026 2.
462 2982 574 3025 Fam.
593 2984 651 3025 Ge
673 2983 772 3024 mot
793 2980 912 3025 n’est
931 2993 1016 3036 pas
1031 2983 1244 3036 employe

335 3039 456 3078 dans
485 3047 550 3077 un
573 3046 681 3078 sens
731 3033 1108 3089 metaphorique.
1145 3037 1248 3078 Cio-

337 3090 444 3131 dius
475 3100 502 3131 a
529 3092 730 3132 souvcnt
751 3089 917 3142 essaye'
954 3089 1248 3132 d'incendier

337 3143 384 3184 la
411 3143 598 3186 maison
620 3143 676 3185 de
705 3142 903 3185 ciceron
928 3145 974 3184 et
995 3145 1199 3187 Antoine
1221 3155 1249 3186 a

336 3196 406 3238 ete
437 3206 519 3237 sou
543 3198 703 3249 agent.

391 3249 436 3292 3.
473 3249 747 3301 lteliqiones.
788 3250 879 3292 Les
924 3249 1069 3291 livres
1099 3250 1250 3303 Sibyl-

341 3302 436 3345 lins
466 3304 786 3353 annoncaicnt
832 3302 946 3357 qu'il
988 3302 1102 3345 etait
1137 3303 1252 3345 dan-

339 3366 514 3409 gcreux
536 3366 655 3408 pour
681 3354 831 3399 Rome
863 3355 919 3397 dc
941 3354 1137 3399 retablir
1159 3368 1244 3410 par

339 3409 385 3450 la
423 3408 551 3451 force
595 3410 635 3451 lc
667 3410 736 3451 roi
785 3409 1136 3453 d'Alcxandrie.
1173 3411 1241 3451 (li.

338 3460 487 3513 Epist.
505 3460 567 3503 ad
585 3462 808 3511 Quintum,
829 3465 889 3511 ΙΙ,
909 3475 957 3511 11,
980 3463 1004 3505 3
1029 3463 1120 3504 :De
1142 3477 1243 3516 req&

339 3513 652 3555 Alexandrino
711 3518 880 3570 factum
938 3521 1006 3558 est
1061 3523 1243 3558 senatus

342 3566 586 3606 consultum
607 3580 700 3607 rum
733 3569 1017 3609 multitudine
1053 3583 1145 3611 eum
1176 3584 1243 3611 re-

344 3616 443 3657 duci
461 3618 754 3669 periculosum
787 3623 853 3664 rei
871 3622 1057 3676 publicae
1087 3622 1240 3664 rideri.

1355 2716 1468 2758 Voir
1498 2716 1546 2758 la
1573 2718 1684 2759 note
1709 2715 1809 2758 lide
1830 2717 1876 2758 la
1902 2728 1951 2769 p.
1980 2715 2054 2760 53.

1408 2770 1446 2811 4.
1491 2770 1792 2813 Rectissime.
1833 2770 2077 2823 Ironique.
2126 2770 2261 2812 Pour

1354 2823 1605 2869 Gabinius,
1629 2824 1732 2866 voir
1789 2854 1798 2863 .
1829 2821 1897 2866 56.

1406 2876 1452 2919 5.
1490 2876 1700 2917 Galliam.
1745 2834 1965 2924 Xntoine.
1995 2887 2056 2918 au
2097 2880 2266 2919 retour

1355 2928 1594 2984 d'Egypte.
1618 2926 1733 2972 etait
1753 2929 1844 2972 alle
1862 2930 2099 2984 rejoindre
2116 2929 2267 2972 Cesar

1357 2985 1437 3036 qui
1464 2983 1627 3026 faisait
1646 2994 1909 3037 campagnc
1928 2983 2052 3026 dans
2081 2983 2126 3025 la
2154 2984 2269 3026 Gal-

1361 3036 1423 3078 lia
1461 3037 1541 3078 Bel
1580 3037 1653 3079 ica
1690 3041 1852 3080 contre
1888 3036 1954 3079 les
1996 3037 2269 3081 Eburones.

1359 3090 1529 3144 pcuple
1584 3093 1665 3132 ont
1686 3091 1727 3133 le
1749 3090 1983 3132 territoire
2008 3089 2121 3133 etait
2141 3089 2268 3133 sitne

1361 3146 1493 3185 entre
1520 3143 1661 3195 Liege
1690 3147 1734 3186 et
1759 3143 2179 3210 Aix·la-(;hapellq.

1412 3196 1452 3238 6.
1484 3197 1723 3237 Misenum.
1751 3198 1819 3238 ha
1857 3193 2089 3250 proprietf}
2121 3196 2147 3239 d
2169 3197 2268 3239 An-

1363 3250 1487 3291 toine
1509 3249 1661 3293 situec
1691 3249 1719 3291 a
1745 3249 1946 3299 Misene,
1973 3261 2054 3291 sur
2086 3250 2131 3291 la
2157 3252 2267 3293 cote

1361 3303 1417 3345 de
1449 3305 1608 3353 Baies‚
1630 3304 1929 3357 appartenait
1959 3314 2056 3345 aux
2095 3303 2269 3346 creau-

1355 3357 1479 3412 ciers
1517 3357 1651 3400 aussi
1700 3356 1811 3399 bien
1866 3356 2007 3410 qu'au
2088 3357 2271 3410 reprio-

1358 3412 1491 3460 taire,
1544 3421 1729 3453 comme
1762 3411 1829 3453 les
1859 3411 2012 3453 mines
2077 3421 2102 3452 e
2129 3409 2269 3452 cina·

1356 3464 1452 3513 bre,
1479 3460 1740 3517 exploitees
1782 3463 1954 3518 aupres
1992 3462 2049 3506 de
2070 3464 2266 3517 Sisapo.

1354 3519 1466 3560 ville
1490 3518 1547 3560 de
1572 3515 1787 3571 Betique,
1822 3528 1881 3561 en
1920 3519 2156 3571 Ereptum&
2186 3528 2272 3572 ap-

1356 3572 1676 3625 partenaient‚
1694 3581 1791 3613 non
1804 3570 1832 3613 a
1851 3582 1915 3613 un
1934 3582 2016 3624 pro
2053 3570 2267 3621 &etan-e,

1355 3626 1479 3667 mais
1518 3625 1546 3667 a
1574 3634 1669 3668 une
1708 3625 1989 3678 compagnie
2040 3622 2248 3668 ermiere
