<?xml version="1.0" encoding="UTF-8"?>
<!DOCTYPE html PUBLIC "-//W3C//DTD XHTML 1.0 Transitional//EN"
    "http://www.w3.org/TR/xhtml1/DTD/xhtml1-transitional.dtd">
<html xmlns="http://www.w3.org/1999/xhtml" xml:lang="en" lang="en">
 <head>
  <title>
</title>
<meta http-equiv="Content-Type" content="text/html;charset=utf-8" />
  <meta name='ocr-system' content='tesseract 3.04.00' />
  <meta name='ocr-capabilities' content='ocr_page ocr_carea ocr_par ocr_line ocrx_word'/>
</head>
<body>
  <div class='ocr_page' id='page_1' title='image "./extraitsetanaly00mirmgoog_0530.png"; bbox 0 0 2570 4026; ppageno 0'>
   <div class='ocr_carea' id='block_1_1' title="bbox 331 217 1595 282">
    <p class='ocr_par' dir='ltr' id='par_1_1' title="bbox 331 217 1595 282">
     <span class='ocr_line' id='line_1_1' title="bbox 331 217 1595 282; baseline -0.001 -7"><span class='ocrx_word' id='word_1_1' title='bbox 331 231 334 236; x_wconf 51' lang='lat'>¹</span> <span class='ocrx_word' id='word_1_2' title='bbox 357 217 488 276; x_wconf 26' lang='lat'>5118.</span> <span class='ocrx_word' id='word_1_3' title='bbox 1033 229 1141 273; x_wconf 72' lang='lat' dir='ltr'>Les</span> <span class='ocrx_word' id='word_1_4' title='bbox 1187 230 1595 282; x_wconf 73' lang='lat' dir='ltr'>rnmrmouss</span> 
     </span>
    </p>
   </div>
   <div class='ocr_carea' id='block_1_2' title="bbox 329 365 2282 1160">
    <p class='ocr_par' dir='ltr' id='par_1_2' title="bbox 329 365 2282 1160">
     <span class='ocr_line' id='line_1_2' title="bbox 329 365 2274 444; baseline 0.002 -20"><span class='ocrx_word' id='word_1_5' title='bbox 329 365 593 428; x_wconf 70' lang='lat' dir='ltr'>,Urbem</span> <span class='ocrx_word' id='word_1_6' title='bbox 643 372 706 426; x_wconf 90' lang='lat' dir='ltr'>et</span> <span class='ocrx_word' id='word_1_7' title='bbox 759 383 861 426; x_wconf 90' lang='lat' dir='ltr'>res</span> <span class='ocrx_word' id='word_1_8' title='bbox 903 365 1569 428; x_wconf 85' lang='lat' dir='ltr'>urbanasvobiscum</span> <span class='ocrx_word' id='word_1_9' title='bbox 1624 368 1861 444; x_wconf 88' lang='lat' dir='ltr'>pariter</span> <span class='ocrx_word' id='word_1_10' title='bbox 1919 368 2274 429; x_wconf 88' lang='lat' dir='ltr'>tuebimur.</span> 
     </span>
     <span class='ocr_line' id='line_1_3' title="bbox 355 454 2281 535; baseline 0.001 -20"><span class='ocrx_word' id='word_1_11' title='bbox 355 458 575 533; x_wconf 81' lang='lat' dir='ltr'>Neque</span> <span class='ocrx_word' id='word_1_12' title='bbox 610 473 760 515; x_wconf 90' lang='lat' dir='ltr'>vero</span> <span class='ocrx_word' id='word_1_13' title='bbox 803 473 1033 515; x_wconf 91' lang='lat' dir='ltr'>recuso</span> <span class='ocrx_word' id='word_1_14' title='bbox 1085 471 1328 515; x_wconf 89' lang='lat' dir='ltr'>munus</span> <span class='ocrx_word' id='word_1_15' title='bbox 1366 454 1515 529; x_wconf 91' lang='lat' dir='ltr'>hoc,</span> <span class='ocrx_word' id='word_1_16' title='bbox 1554 473 1926 533; x_wconf 82' lang='lat' dir='ltr'>quanquam</span> <span class='ocrx_word' id='word_1_17' title='bbox 1956 458 2281 535; x_wconf 91' lang='lat' dir='ltr'>populum</span> 
     </span>
     <span class='ocr_line' id='line_1_4' title="bbox 358 545 2281 621; baseline 0.001 -16"><span class='ocrx_word' id='word_1_18' title='bbox 358 547 722 605; x_wconf 88' lang='lat' dir='ltr'>Romanum</span> <span class='ocrx_word' id='word_1_19' title='bbox 761 545 949 604; x_wconf 91' lang='lat' dir='ltr'>video</span> <span class='ocrx_word' id='word_1_20' title='bbox 987 562 1103 621; x_wconf 93' lang='lat' dir='ltr'>pro</span> <span class='ocrx_word' id='word_1_21' title='bbox 1140 561 1244 612; x_wconf 91' lang='lat' dir='ltr'>me</span> <span class='ocrx_word' id='word_1_22' title='bbox 1276 561 1601 604; x_wconf 89' lang='lat' dir='ltr'>recusare.</span> <span class='ocrx_word' id='word_1_23' title='bbox 1648 547 1853 606; x_wconf 91' lang='lat' dir='ltr'>Nemo</span> <span class='ocrx_word' id='word_1_24' title='bbox 1903 564 2009 606; x_wconf 90' lang='lat' dir='ltr'>me</span> <span class='ocrx_word' id='word_1_25' title='bbox 2054 547 2281 606; x_wconf 87' lang='lat' dir='ltr'>minus</span> 
     </span>
     <span class='ocr_line' id='line_1_5' title="bbox 359 635 2282 708; baseline 0.001 -13"><span class='ocrx_word' id='word_1_26' title='bbox 359 635 649 708; x_wconf 82' lang='lat' dir='ltr'>timiduS‚</span> <span class='ocrx_word' id='word_1_27' title='bbox 709 651 903 695; x_wconf 91' lang='lat' dir='ltr'>nemo</span> <span class='ocrx_word' id='word_1_28' title='bbox 962 638 1182 693; x_wconf 90' lang='lat' dir='ltr'>tamen</span> <span class='ocrx_word' id='word_1_29' title='bbox 1232 635 1503 694; x_wconf 88' lang='lat' dir='ltr'>cautior.</span> <span class='ocrx_word' id='word_1_30' title='bbox 1556 636 1680 696; x_wconf 89' lang='lat' dir='ltr'>Res</span> <span class='ocrx_word' id='word_1_31' title='bbox 1733 635 2036 696; x_wconf 80' lang='lat' dir='ltr'>declarat.</span> <span class='ocrx_word' id='word_1_32' title='bbox 2094 636 2282 696; x_wconf 90' lang='lat' dir='ltr'>Vice-</span> 
     </span>
     <span class='ocr_line' id='line_1_6' title="bbox 359 725 2280 796; baseline 0.001 -13"><span class='ocrx_word' id='word_1_33' title='bbox 359 725 569 784; x_wconf 86' lang='lat' dir='ltr'><strong>simus</strong></span> <span class='ocrx_word' id='word_1_34' title='bbox 623 741 831 784; x_wconf 89' lang='lat' dir='ltr'>annus</span> <span class='ocrx_word' id='word_1_35' title='bbox 862 726 878 757; x_wconf 90' lang='lat'>¹</span> <span class='ocrx_word' id='word_1_36' title='bbox 931 729 1050 796; x_wconf 87' lang='lat' dir='ltr'>est,</span> <span class='ocrx_word' id='word_1_37' title='bbox 1105 739 1255 783; x_wconf 90' lang='lat' dir='ltr'>cum</span> <span class='ocrx_word' id='word_1_38' title='bbox 1308 739 1537 784; x_wconf 88' lang='lat' dir='ltr'>omnes</span> <span class='ocrx_word' id='word_1_39' title='bbox 1585 726 1879 785; x_wconf 76' lang='lat' dir='ltr'>scelerati</span> <span class='ocrx_word' id='word_1_40' title='bbox 1930 742 2034 785; x_wconf 92' lang='lat' dir='ltr'>me</span> <span class='ocrx_word' id='word_1_41' title='bbox 2073 742 2280 785; x_wconf 90' lang='lat' dir='ltr'>unum</span> 
     </span>
     <span class='ocr_line' id='line_1_7' title="bbox 357 813 2278 893; baseline 0 -19"><span class='ocrx_word' id='word_1_42' title='bbox 357 819 604 893; x_wconf 88' lang='lat' dir='ltr'>petunt.</span> <span class='ocrx_word' id='word_1_43' title='bbox 640 815 860 891; x_wconf 84' lang='lat' dir='ltr'>Itaque</span> <span class='ocrx_word' id='word_1_44' title='bbox 892 814 1040 890; x_wconf 89' lang='lat' dir='ltr'>ipsi,</span> <span class='ocrx_word' id='word_1_45' title='bbox 1067 830 1146 873; x_wconf 91' lang='lat' dir='ltr'>ne</span> <span class='ocrx_word' id='word_1_46' title='bbox 1178 813 1392 872; x_wconf 91' lang='lat' dir='ltr'>dicam</span> <span class='ocrx_word' id='word_1_47' title='bbox 1420 814 1606 887; x_wconf 89' lang='lat' dir='ltr'>mihi,</span> <span class='ocrx_word' id='word_1_48' title='bbox 1628 815 1719 874; x_wconf 92' lang='lat' dir='ltr'>rei</span> <span class='ocrx_word' id='word_1_49' title='bbox 1753 816 2028 893; x_wconf 82' lang='lat' dir='ltr'>publicae</span> <span class='ocrx_word' id='word_1_50' title='bbox 2052 833 2278 893; x_wconf 88' lang='lat' dir='ltr'>poenas</span> 
     </span>
     <span class='ocr_line' id='line_1_8' title="bbox 357 903 2281 982; baseline 0.001 -19"><span class='ocrx_word' id='word_1_51' title='bbox 357 904 693 977; x_wconf 91' lang='lat' dir='ltr'>dederunt,</span> <span class='ocrx_word' id='word_1_52' title='bbox 740 921 845 963; x_wconf 91' lang='lat' dir='ltr'>me</span> <span class='ocrx_word' id='word_1_53' title='bbox 880 905 1136 963; x_wconf 89' lang='lat' dir='ltr'>salvum</span> <span class='ocrx_word' id='word_1_54' title='bbox 1179 903 1390 963; x_wconf 87' lang='lat' dir='ltr'>adhuc</span> <span class='ocrx_word' id='word_1_55' title='bbox 1434 920 1537 963; x_wconf 91' lang='lat' dir='ltr'>res</span> <span class='ocrx_word' id='word_1_56' title='bbox 1580 906 1840 982; x_wconf 84' lang='lat' dir='ltr'>publica</span> <span class='ocrx_word' id='word_1_57' title='bbox 1870 906 2281 965; x_wconf 85' lang='lat' dir='ltr'>conservavit</span> 
     </span>
     <span class='ocr_line' id='line_1_9' title="bbox 344 993 2275 1076; baseline -0.002 -21"><span class='ocrx_word' id='word_1_58' title='bbox 344 994 504 1076; x_wconf 71' lang='lat' dir='ltr'>sibi.</span> <span class='ocrx_word' id='word_1_59' title='bbox 543 993 797 1053; x_wconf 87' lang='lat' dir='ltr'>Timide</span> <span class='ocrx_word' id='word_1_60' title='bbox 855 993 978 1052; x_wconf 89' lang='lat' dir='ltr'>hoc</span> <span class='ocrx_word' id='word_1_61' title='bbox 1011 993 1259 1064; x_wconf 83' lang='lat' dir='ltr'>dicam3</span> <span class='ocrx_word' id='word_1_62' title='bbox 1309 993 1444 1051; x_wconf 89' lang='lat' dir='ltr'>scio</span> <span class='ocrx_word' id='word_1_63' title='bbox 1493 995 1668 1053; x_wconf 90' lang='lat' dir='ltr'>enim</span> <span class='ocrx_word' id='word_1_64' title='bbox 1719 995 1977 1072; x_wconf 88' lang='lat' dir='ltr'>quidvis</span> <span class='ocrx_word' id='word_1_65' title='bbox 2022 994 2275 1054; x_wconf 90' lang='lat' dir='ltr'>homini</span> 
     </span>
     <span class='ocr_line' id='line_1_10' title="bbox 355 1084 2275 1160; baseline 0 -17"><span class='ocrx_word' id='word_1_66' title='bbox 355 1084 645 1143; x_wconf 89' lang='lat' dir='ltr'>accidere</span> <span class='ocrx_word' id='word_1_67' title='bbox 705 1099 934 1160; x_wconf 80' lang='lat' dir='ltr'>posse3</span> <span class='ocrx_word' id='word_1_68' title='bbox 988 1099 1215 1141; x_wconf 89' lang='lat' dir='ltr'>verum</span> <span class='ocrx_word' id='word_1_69' title='bbox 1270 1087 1489 1141; x_wconf 87' lang='lat' dir='ltr'>tamen</span> <span class='ocrx_word' id='word_1_70' title='bbox 1541 1084 1743 1143; x_wconf 85' lang='lat' dir='ltr'>semel</span> <span class='ocrx_word' id='word_1_71' title='bbox 1794 1085 2275 1143; x_wconf 84' lang='lat' dir='ltr'>circumsessus</span> 
     </span>
    </p>
   </div>
   <div class='ocr_carea' id='block_1_3' title="bbox 286 1171 2274 1233">
    <p class='ocr_par' dir='ltr' id='par_1_3' title="bbox 286 1171 2274 1233">
     <span class='ocr_line' id='line_1_11' title="bbox 286 1171 2274 1233; baseline 0 -2"><span class='ocrx_word' id='word_1_72' title='bbox 286 1204 289 1207; x_wconf 58' lang='lat'><strong>&lt;</strong></span> <span class='ocrx_word' id='word_1_73' title='bbox 354 1174 536 1233; x_wconf 90' lang='lat' dir='ltr'>lectis</span> <span class='ocrx_word' id='word_1_74' title='bbox 615 1172 1211 1232; x_wconf 78' lang='lat' dir='ltr'>valentissimorum</span> <span class='ocrx_word' id='word_1_75' title='bbox 1291 1171 1638 1232; x_wconf 87' lang='lat' dir='ltr'>hominum</span> <span class='ocrx_word' id='word_1_76' title='bbox 1697 1174 1945 1233; x_wconf 87' lang='lat' dir='ltr'>viribus</span> <span class='ocrx_word' id='word_1_77' title='bbox 2025 1172 2274 1232; x_wconf 76' lang='lat' dir='ltr'>cecidi²</span> 
     </span>
    </p>
   </div>
   <div class='ocr_carea' id='block_1_4' title="bbox 353 1262 2285 3043">
    <p class='ocr_par' dir='ltr' id='par_1_4' title="bbox 353 1262 2285 3043">
     <span class='ocr_line' id='line_1_12' title="bbox 356 1262 2276 1340; baseline 0 -18"><span class='ocrx_word' id='word_1_78' title='bbox 356 1263 591 1336; x_wconf 84' lang='lat' dir='ltr'>scienS,</span> <span class='ocrx_word' id='word_1_79' title='bbox 635 1266 705 1321; x_wconf 88' lang='lat' dir='ltr'>ut</span> <span class='ocrx_word' id='word_1_80' title='bbox 746 1262 1213 1337; x_wconf 83' lang='lat' dir='ltr'>honestissime</span> <span class='ocrx_word' id='word_1_81' title='bbox 1253 1278 1520 1338; x_wconf 86' lang='lat' dir='ltr'>possem</span> <span class='ocrx_word' id='word_1_82' title='bbox 1562 1279 1933 1340; x_wconf 82' lang='lat' dir='ltr'>exsurgere.</span> <span class='ocrx_word' id='word_1_83' title='bbox 1978 1264 2078 1322; x_wconf 73' lang='lat'>⁶25.</span> <span class='ocrx_word' id='word_1_84' title='bbox 2115 1263 2276 1322; x_wconf 89' lang='lat' dir='ltr'>Pos-</span> 
     </span>
     <span class='ocr_line' id='line_1_13' title="bbox 356 1350 2275 1429; baseline 0.001 -19"><span class='ocrx_word' id='word_1_85' title='bbox 356 1368 588 1411; x_wconf 90' lang='lat' dir='ltr'>sumne</span> <span class='ocrx_word' id='word_1_86' title='bbox 621 1352 816 1427; x_wconf 90' lang='lat' dir='ltr'>igitur</span> <span class='ocrx_word' id='word_1_87' title='bbox 845 1352 1000 1411; x_wconf 90' lang='lat' dir='ltr'>satis</span> <span class='ocrx_word' id='word_1_88' title='bbox 1033 1350 1236 1410; x_wconf 91' lang='lat' dir='ltr'>videri</span> <span class='ocrx_word' id='word_1_89' title='bbox 1260 1355 1514 1425; x_wconf 81' lang='lat' dir='ltr'>cautus,</span> <span class='ocrx_word' id='word_1_90' title='bbox 1551 1352 1706 1412; x_wconf 88' lang='lat' dir='ltr'>satis</span> <span class='ocrx_word' id='word_1_91' title='bbox 1730 1352 2064 1429; x_wconf 89' lang='lat' dir='ltr'>providus,</span> <span class='ocrx_word' id='word_1_92' title='bbox 2091 1353 2147 1411; x_wconf 91' lang='lat' dir='ltr'>si</span> <span class='ocrx_word' id='word_1_93' title='bbox 2167 1368 2275 1411; x_wconf 88' lang='lat' dir='ltr'>me</span> 
     </span>
     <span class='ocr_line' id='line_1_14' title="bbox 356 1440 2276 1519; baseline 0.001 -19"><span class='ocrx_word' id='word_1_94' title='bbox 356 1442 509 1501; x_wconf 89' lang='lat' dir='ltr'>huic</span> <span class='ocrx_word' id='word_1_95' title='bbox 548 1441 760 1502; x_wconf 87' lang='lat' dir='ltr'>itineri</span> <span class='ocrx_word' id='word_1_96' title='bbox 804 1444 935 1500; x_wconf 89' lang='lat' dir='ltr'>tam</span> <span class='ocrx_word' id='word_1_97' title='bbox 980 1440 1240 1511; x_wconf 81' lang='lat' dir='ltr'>infestO,</span> <span class='ocrx_word' id='word_1_98' title='bbox 1289 1445 1552 1518; x_wconf 89' lang='lat' dir='ltr'>tamque</span> <span class='ocrx_word' id='word_1_99' title='bbox 1592 1441 1960 1519; x_wconf 87' lang='lat' dir='ltr'>periculoso</span> <span class='ocrx_word' id='word_1_100' title='bbox 2003 1442 2276 1501; x_wconf 89' lang='lat' dir='ltr'>commi-</span> 
     </span>
     <span class='ocr_line' id='line_1_15' title="bbox 358 1529 2279 1608; baseline 0 -19"><span class='ocrx_word' id='word_1_101' title='bbox 358 1530 548 1592; x_wconf 77' lang='lat' dir='ltr'>sero?</span> <span class='ocrx_word' id='word_1_102' title='bbox 592 1530 874 1590; x_wconf 87' lang='lat' dir='ltr'>Gloriam</span> <span class='ocrx_word' id='word_1_103' title='bbox 917 1530 981 1589; x_wconf 91' lang='lat' dir='ltr'>in</span> <span class='ocrx_word' id='word_1_104' title='bbox 1028 1536 1235 1589; x_wconf 89' lang='lat' dir='ltr'>morte</span> <span class='ocrx_word' id='word_1_105' title='bbox 1282 1529 1519 1589; x_wconf 89' lang='lat' dir='ltr'>debent</span> <span class='ocrx_word' id='word_1_106' title='bbox 1566 1532 1631 1604; x_wconf 91' lang='lat' dir='ltr'>ii,</span> <span class='ocrx_word' id='word_1_107' title='bbox 1681 1531 1788 1607; x_wconf 88' lang='lat' dir='ltr'>qui</span> <span class='ocrx_word' id='word_1_108' title='bbox 1824 1531 1987 1591; x_wconf 84' lang='lat' dir='ltr'>inre</span> <span class='ocrx_word' id='word_1_109' title='bbox 2018 1530 2279 1608; x_wconf 85' lang='lat' dir='ltr'>publica</span> 
     </span>
     <span class='ocr_line' id='line_1_16' title="bbox 354 1619 2276 1696; baseline 0 -18"><span class='ocrx_word' id='word_1_110' title='bbox 354 1624 717 1693; x_wconf 77' lang='lat' dir='ltr'>versantur,</span> <span class='ocrx_word' id='word_1_111' title='bbox 775 1637 903 1680; x_wconf 89' lang='lat' dir='ltr'>non</span> <span class='ocrx_word' id='word_1_112' title='bbox 954 1619 1162 1696; x_wconf 82' lang='lat' dir='ltr'>culpae</span> <span class='ocrx_word' id='word_1_113' title='bbox 1213 1619 1813 1695; x_wconf 85' lang='lat' dir='ltr'>reprehensionem,</span> <span class='ocrx_word' id='word_1_114' title='bbox 1871 1626 1932 1680; x_wconf 88' lang='lat' dir='ltr'>et</span> <span class='ocrx_word' id='word_1_115' title='bbox 1987 1620 2276 1680; x_wconf 82' lang='lat' dir='ltr'>stultitiae</span> 
     </span>
     <span class='ocr_line' id='line_1_17' title="bbox 353 1709 2281 1787; baseline -0.001 -18"><span class='ocrx_word' id='word_1_116' title='bbox 353 1710 896 1787; x_wconf 82' lang='lat' dir='ltr'>vituperationem</span> <span class='ocrx_word' id='word_1_117' title='bbox 948 1710 1349 1786; x_wconf 75' lang='lat' dir='ltr'>relinquere.</span> <span class='ocrx_word' id='word_1_118' title='bbox 1421 1709 1577 1780; x_wconf 89' lang='lat' dir='ltr'>Quis</span> <span class='ocrx_word' id='word_1_119' title='bbox 1637 1709 1847 1769; x_wconf 87' lang='lat' dir='ltr'>bonus</span> <span class='ocrx_word' id='word_1_120' title='bbox 1916 1728 2048 1769; x_wconf 87' lang='lat' dir='ltr'>non</span> <span class='ocrx_word' id='word_1_121' title='bbox 2100 1710 2281 1785; x_wconf 90' lang='lat' dir='ltr'>luget</span> 
     </span>
     <span class='ocr_line' id='line_1_18' title="bbox 355 1798 2280 1875; baseline -0.001 -16"><span class='ocrx_word' id='word_1_122' title='bbox 355 1804 634 1859; x_wconf 86' lang='lat' dir='ltr'>mortem</span> <span class='ocrx_word' id='word_1_123' title='bbox 677 1800 1002 1872; x_wconf 90' lang='lat' dir='ltr'>Trebonii,</span> <span class='ocrx_word' id='word_1_124' title='bbox 1040 1800 1188 1875; x_wconf 90' lang='lat' dir='ltr'>quis</span> <span class='ocrx_word' id='word_1_125' title='bbox 1237 1816 1372 1858; x_wconf 92' lang='lat' dir='ltr'>non</span> <span class='ocrx_word' id='word_1_126' title='bbox 1418 1798 1590 1858; x_wconf 89' lang='lat' dir='ltr'>dolet</span> <span class='ocrx_word' id='word_1_127' title='bbox 1631 1799 1968 1859; x_wconf 87' lang='lat' dir='ltr'>interitum</span> <span class='ocrx_word' id='word_1_128' title='bbox 2012 1799 2160 1859; x_wconf 87' lang='lat' dir='ltr'>talis</span> <span class='ocrx_word' id='word_1_129' title='bbox 2214 1801 2280 1858; x_wconf 89' lang='lat' dir='ltr'>et</span> 
     </span>
     <span class='ocr_line' id='line_1_19' title="bbox 357 1887 2271 1966; baseline -0.001 -19"><span class='ocrx_word' id='word_1_130' title='bbox 357 1889 515 1948; x_wconf 89' lang='lat' dir='ltr'>civis</span> <span class='ocrx_word' id='word_1_131' title='bbox 564 1893 629 1949; x_wconf 91' lang='lat' dir='ltr'>et</span> <span class='ocrx_word' id='word_1_132' title='bbox 673 1888 835 1964; x_wconf 72' lang='lat' dir='ltr'>viri?</span> <span class='ocrx_word' id='word_1_133' title='bbox 879 1889 955 1948; x_wconf 88' lang='lat' dir='ltr'>At</span> <span class='ocrx_word' id='word_1_134' title='bbox 1007 1892 1183 1960; x_wconf 88' lang='lat' dir='ltr'>sunt,</span> <span class='ocrx_word' id='word_1_135' title='bbox 1230 1888 1340 1965; x_wconf 89' lang='lat' dir='ltr'>qui</span> <span class='ocrx_word' id='word_1_136' title='bbox 1382 1887 1600 1947; x_wconf 90' lang='lat' dir='ltr'>dicant</span> <span class='ocrx_word' id='word_1_137' title='bbox 1640 1888 1820 1966; x_wconf 89' lang='lat' dir='ltr'>(dure</span> <span class='ocrx_word' id='word_1_138' title='bbox 1852 1889 1945 1948; x_wconf 93' lang='lat' dir='ltr'>illi</span> <span class='ocrx_word' id='word_1_139' title='bbox 1987 1887 2271 1965; x_wconf 84' lang='lat' dir='ltr'>quidem,</span> 
     </span>
     <span class='ocr_line' id='line_1_20' title="bbox 357 1976 2274 2057; baseline -0.001 -19"><span class='ocrx_word' id='word_1_140' title='bbox 357 1978 469 2038; x_wconf 91' lang='lat' dir='ltr'>sed</span> <span class='ocrx_word' id='word_1_141' title='bbox 495 1983 712 2039; x_wconf 90' lang='lat' dir='ltr'>tamen</span> <span class='ocrx_word' id='word_1_142' title='bbox 743 1976 993 2057; x_wconf 89' lang='lat' dir='ltr'>dicunt)</span> <span class='ocrx_word' id='word_1_143' title='bbox 1024 1979 1245 2051; x_wconf 89' lang='lat' dir='ltr'>minus</span> <span class='ocrx_word' id='word_1_144' title='bbox 1275 1977 1657 2052; x_wconf 88' lang='lat' dir='ltr'>dolendum,</span> <span class='ocrx_word' id='word_1_145' title='bbox 1685 1978 1857 2056; x_wconf 90' lang='lat' dir='ltr'>quod</span> <span class='ocrx_word' id='word_1_146' title='bbox 1890 1979 1968 2039; x_wconf 89' lang='lat' dir='ltr'>ab</span> <span class='ocrx_word' id='word_1_147' title='bbox 2009 1977 2274 2038; x_wconf 88' lang='lat' dir='ltr'>homine</span> 
     </span>
     <span class='ocr_line' id='line_1_21' title="bbox 356 2065 2276 2147; baseline -0.001 -20"><span class='ocrx_word' id='word_1_148' title='bbox 356 2069 615 2147; x_wconf 89' lang='lat' dir='ltr'>impuro</span> <span class='ocrx_word' id='word_1_149' title='bbox 667 2069 1046 2146; x_wconf 87' lang='lat' dir='ltr'>nefarioque</span> <span class='ocrx_word' id='word_1_150' title='bbox 1092 2084 1222 2127; x_wconf 89' lang='lat' dir='ltr'>non</span> <span class='ocrx_word' id='word_1_151' title='bbox 1283 2065 1591 2128; x_wconf 67' lang='lat' dir='ltr'>caverit3.</span> <span class='ocrx_word' id='word_1_152' title='bbox 1645 2070 1897 2130; x_wconf 83' lang='lat' dir='ltr'>Etenim</span> <span class='ocrx_word' id='word_1_153' title='bbox 1940 2068 2052 2146; x_wconf 89' lang='lat' dir='ltr'>qui</span> <span class='ocrx_word' id='word_1_154' title='bbox 2107 2068 2276 2126; x_wconf 91' lang='lat' dir='ltr'>mul-</span> 
     </span>
     <span class='ocr_line' id='line_1_22' title="bbox 356 2158 2274 2235; baseline -0.001 -18"><span class='ocrx_word' id='word_1_155' title='bbox 356 2163 580 2217; x_wconf 80' lang='lat' dir='ltr'>torum‘</span> <span class='ocrx_word' id='word_1_156' title='bbox 620 2158 959 2218; x_wconf 82' lang='lat' dir='ltr'>custodem</span> <span class='ocrx_word' id='word_1_157' title='bbox 1011 2175 1079 2217; x_wconf 89' lang='lat' dir='ltr'>se</span> <span class='ocrx_word' id='word_1_158' title='bbox 1136 2159 1537 2235; x_wconf 84' lang='lat' dir='ltr'>profiteatur,</span> <span class='ocrx_word' id='word_1_159' title='bbox 1597 2175 1747 2217; x_wconf 89' lang='lat' dir='ltr'>eum</span> <span class='ocrx_word' id='word_1_160' title='bbox 1802 2159 2126 2235; x_wconf 89' lang='lat' dir='ltr'>sapientes</span> <span class='ocrx_word' id='word_1_161' title='bbox 2170 2158 2274 2216; x_wconf 89' lang='lat' dir='ltr'>sui</span> 
     </span>
     <span class='ocr_line' id='line_1_23' title="bbox 356 2247 2274 2324; baseline -0.001 -18"><span class='ocrx_word' id='word_1_162' title='bbox 356 2249 642 2324; x_wconf 87' lang='lat' dir='ltr'>primum</span> <span class='ocrx_word' id='word_1_163' title='bbox 687 2248 914 2324; x_wconf 88' lang='lat' dir='ltr'>capitis</span> <span class='ocrx_word' id='word_1_164' title='bbox 960 2247 1139 2306; x_wconf 88' lang='lat' dir='ltr'>aiunt</span> <span class='ocrx_word' id='word_1_165' title='bbox 1180 2247 1519 2307; x_wconf 86' lang='lat' dir='ltr'>custodem</span> <span class='ocrx_word' id='word_1_166' title='bbox 1565 2264 1709 2306; x_wconf 88' lang='lat' dir='ltr'>esse</span> <span class='ocrx_word' id='word_1_167' title='bbox 1758 2252 2079 2323; x_wconf 87' lang='lat' dir='ltr'>oportere.</span> <span class='ocrx_word' id='word_1_168' title='bbox 2115 2247 2274 2306; x_wconf 90' lang='lat' dir='ltr'>Cum</span> 
     </span>
     <span class='ocr_line' id='line_1_24' title="bbox 358 2336 2279 2417; baseline -0.002 -21"><span class='ocrx_word' id='word_1_169' title='bbox 358 2343 596 2414; x_wconf 73' lang='lat' dir='ltr'>saeptus</span> <span class='ocrx_word' id='word_1_170' title='bbox 648 2338 738 2396; x_wconf 88' lang='lat' dir='ltr'>sis</span> <span class='ocrx_word' id='word_1_171' title='bbox 794 2337 1071 2413; x_wconf 77' lang='lat' dir='ltr'>legibUS,</span> <span class='ocrx_word' id='word_1_172' title='bbox 1131 2341 1193 2395; x_wconf 90' lang='lat' dir='ltr'>et</span> <span class='ocrx_word' id='word_1_173' title='bbox 1227 2336 1634 2417; x_wconf 79' lang='lat' dir='ltr'>‘judiciorum</span> <span class='ocrx_word' id='word_1_174' title='bbox 1685 2341 1887 2408; x_wconf 86' lang='lat' dir='ltr'>metn,</span> <span class='ocrx_word' id='word_1_175' title='bbox 1937 2353 2068 2396; x_wconf 91' lang='lat' dir='ltr'>non</span> <span class='ocrx_word' id='word_1_176' title='bbox 2122 2339 2279 2394; x_wconf 88' lang='lat' dir='ltr'>sunt</span> 
     </span>
     <span class='ocr_line' id='line_1_25' title="bbox 357 2425 2278 2503; baseline -0.001 -18"><span class='ocrx_word' id='word_1_177' title='bbox 357 2429 576 2486; x_wconf 90' lang='lat' dir='ltr'>omnia</span> <span class='ocrx_word' id='word_1_178' title='bbox 632 2428 941 2498; x_wconf 85' lang='lat' dir='ltr'>timenda,</span> <span class='ocrx_word' id='word_1_179' title='bbox 997 2443 1207 2503; x_wconf 89' lang='lat' dir='ltr'>neque</span> <span class='ocrx_word' id='word_1_180' title='bbox 1260 2425 1338 2485; x_wconf 86' lang='lat' dir='ltr'>ad</span> <span class='ocrx_word' id='word_1_181' title='bbox 1381 2443 1608 2484; x_wconf 89' lang='lat' dir='ltr'>omnes</span> <span class='ocrx_word' id='word_1_182' title='bbox 1660 2425 1934 2485; x_wconf 89' lang='lat' dir='ltr'>insidias</span> <span class='ocrx_word' id='word_1_183' title='bbox 1975 2425 2278 2502; x_wconf 82' lang='lat' dir='ltr'>praesidia</span> 
     </span>
     <span class='ocr_line' id='line_1_26' title="bbox 359 2514 2272 2594; baseline -0.002 -19"><span class='ocrx_word' id='word_1_184' title='bbox 359 2516 721 2594; x_wconf 84' lang='lat' dir='ltr'>quaerenda.</span> <span class='ocrx_word' id='word_1_185' title='bbox 761 2516 915 2587; x_wconf 88' lang='lat' dir='ltr'>Quis</span> <span class='ocrx_word' id='word_1_186' title='bbox 948 2516 1119 2575; x_wconf 90' lang='lat' dir='ltr'>enim</span> <span class='ocrx_word' id='word_1_187' title='bbox 1150 2515 1382 2574; x_wconf 87' lang='lat' dir='ltr'>audeat</span> <span class='ocrx_word' id='word_1_188' title='bbox 1402 2516 1555 2587; x_wconf 83' lang='lat' dir='ltr'>luci,</span> <span class='ocrx_word' id='word_1_189' title='bbox 1589 2516 1734 2591; x_wconf 88' lang='lat' dir='ltr'>quis</span> <span class='ocrx_word' id='word_1_190' title='bbox 1764 2516 1829 2574; x_wconf 91' lang='lat' dir='ltr'>in</span> <span class='ocrx_word' id='word_1_191' title='bbox 1855 2515 2115 2574; x_wconf 84' lang='lat' dir='ltr'>militari</span> <span class='ocrx_word' id='word_1_192' title='bbox 2146 2514 2272 2587; x_wconf 83' lang='lat' dir='ltr'>via,</span> 
     </span>
     <span class='ocr_line' id='line_1_27' title="bbox 361 2603 2281 2683; baseline -0.001 -19"><span class='ocrx_word' id='word_1_193' title='bbox 361 2607 506 2683; x_wconf 88' lang='lat' dir='ltr'>quis</span> <span class='ocrx_word' id='word_1_194' title='bbox 530 2607 690 2666; x_wconf 90' lang='lat' dir='ltr'>bene</span> <span class='ocrx_word' id='word_1_195' title='bbox 713 2605 1119 2672; x_wconf 81' lang='lat' dir='ltr'>comitatum,</span> <span class='ocrx_word' id='word_1_196' title='bbox 1148 2606 1293 2681; x_wconf 88' lang='lat' dir='ltr'>quis</span> <span class='ocrx_word' id='word_1_197' title='bbox 1317 2603 1641 2664; x_wconf 85' lang='lat' dir='ltr'>illustrem</span> <span class='ocrx_word' id='word_1_198' title='bbox 1675 2603 1976 2681; x_wconf 79' lang='lat' dir='ltr'>aggredi?</span> <span class='ocrx_word' id='word_1_199' title='bbox 1998 2604 2095 2663; x_wconf 76' lang='lat'>26.</span> <span class='ocrx_word' id='word_1_200' title='bbox 2131 2604 2281 2665; x_wconf 84' lang='lat' dir='ltr'>Haec</span> 
     </span>
     <span class='ocr_line' id='line_1_28' title="bbox 359 2692 2280 2772; baseline -0.002 -17"><span class='ocrx_word' id='word_1_201' title='bbox 359 2713 569 2772; x_wconf 89' lang='lat' dir='ltr'>neque</span> <span class='ocrx_word' id='word_1_202' title='bbox 614 2697 737 2755; x_wconf 93' lang='lat' dir='ltr'>hoc</span> <span class='ocrx_word' id='word_1_203' title='bbox 782 2699 1097 2772; x_wconf 87' lang='lat' dir='ltr'>tempore,</span> <span class='ocrx_word' id='word_1_204' title='bbox 1147 2711 1360 2772; x_wconf 90' lang='lat' dir='ltr'>neque</span> <span class='ocrx_word' id='word_1_205' title='bbox 1401 2695 1465 2753; x_wconf 90' lang='lat' dir='ltr'>in</span> <span class='ocrx_word' id='word_1_206' title='bbox 1491 2711 1596 2753; x_wconf 93' lang='lat' dir='ltr'>me</span> <span class='ocrx_word' id='word_1_207' title='bbox 1627 2693 1862 2753; x_wconf 89' lang='lat' dir='ltr'>valent.</span> <span class='ocrx_word' id='word_1_208' title='bbox 1903 2695 2045 2752; x_wconf 88' lang='lat' dir='ltr'>Non</span> <span class='ocrx_word' id='word_1_209' title='bbox 2082 2692 2280 2751; x_wconf 91' lang='lat' dir='ltr'>modo</span> 
     </span>
     <span class='ocr_line' id='line_1_29' title="bbox 361 2782 2278 2862; baseline -0.002 -18"><span class='ocrx_word' id='word_1_210' title='bbox 361 2786 557 2859; x_wconf 88' lang='lat' dir='ltr'>enim,</span> <span class='ocrx_word' id='word_1_211' title='bbox 593 2803 850 2862; x_wconf 87' lang='lat' dir='ltr'>poenam</span> <span class='ocrx_word' id='word_1_212' title='bbox 872 2802 999 2843; x_wconf 92' lang='lat' dir='ltr'>non</span> <span class='ocrx_word' id='word_1_213' title='bbox 1035 2784 1439 2858; x_wconf 82' lang='lat' dir='ltr'>extimescet,</span> <span class='ocrx_word' id='word_1_214' title='bbox 1473 2784 1581 2859; x_wconf 89' lang='lat' dir='ltr'>qui</span> <span class='ocrx_word' id='word_1_215' title='bbox 1614 2784 1775 2842; x_wconf 87' lang='lat' dir='ltr'>mihi</span> <span class='ocrx_word' id='word_1_216' title='bbox 1804 2783 1934 2842; x_wconf 91' lang='lat' dir='ltr'>vim</span> <span class='ocrx_word' id='word_1_217' title='bbox 1969 2782 2278 2854; x_wconf 86' lang='lat' dir='ltr'>attulerit,</span> 
     </span>
     <span class='ocr_line' id='line_1_30' title="bbox 361 2873 2285 2954; baseline -0.003 -20"><span class='ocrx_word' id='word_1_218' title='bbox 361 2874 472 2934; x_wconf 90' lang='lat' dir='ltr'>sed</span> <span class='ocrx_word' id='word_1_219' title='bbox 515 2877 707 2935; x_wconf 88' lang='lat' dir='ltr'>etiam</span> <span class='ocrx_word' id='word_1_220' title='bbox 756 2875 1030 2954; x_wconf 87' lang='lat' dir='ltr'>gloriam</span> <span class='ocrx_word' id='word_1_221' title='bbox 1067 2874 1355 2952; x_wconf 85' lang='lat' dir='ltr'>sperabit</span> <span class='ocrx_word' id='word_1_222' title='bbox 1404 2891 1440 2933; x_wconf 88' lang='lat' dir='ltr'>a</span> <span class='ocrx_word' id='word_1_223' title='bbox 1483 2873 1816 2935; x_wconf 85' lang='lat' dir='ltr'>latronum</span> <span class='ocrx_word' id='word_1_224' title='bbox 1876 2873 2178 2952; x_wconf 83' lang='lat' dir='ltr'>gregibus</span> <span class='ocrx_word' id='word_1_225' title='bbox 2216 2876 2285 2930; x_wconf 85' lang='lat' dir='ltr'>et</span> 
     </span>
     <span class='ocr_line' id='line_1_31' title="bbox 359 2981 645 3043; baseline 0 -19"><span class='ocrx_word' id='word_1_226' title='bbox 359 2981 645 3043; x_wconf 80' lang='lat' dir='ltr'>praemla.</span> 
     </span>
    </p>
   </div>
   <div class='ocr_carea' id='block_1_5' title="bbox 349 3179 2282 3393">
    <p class='ocr_par' dir='ltr' id='par_1_5' title="bbox 349 3179 2282 3393">
     <span class='ocr_line' id='line_1_32' title="bbox 410 3179 2282 3233; baseline 0 -11"><span class='ocrx_word' id='word_1_227' title='bbox 410 3181 455 3223; x_wconf 86' lang='lat'>1.</span> <span class='ocrx_word' id='word_1_228' title='bbox 496 3180 740 3222; x_wconf 74' lang='lat' dir='ltr'>Vicesimus</span> <span class='ocrx_word' id='word_1_229' title='bbox 770 3180 1062 3222; x_wconf 74' lang='lat' dir='ltr'>annics.Voir</span> <span class='ocrx_word' id='word_1_230' title='bbox 1082 3180 1129 3222; x_wconf 89' lang='lat' dir='ltr'>la</span> <span class='ocrx_word' id='word_1_231' title='bbox 1157 3181 1264 3222; x_wconf 88' lang='lat' dir='ltr'>note</span> <span class='ocrx_word' id='word_1_232' title='bbox 1429 3179 1473 3222; x_wconf 85' lang='lat'>3.</span> <span class='ocrx_word' id='word_1_233' title='bbox 1512 3180 1707 3221; x_wconf 78' lang='lat' dir='ltr'>Caverit.</span> <span class='ocrx_word' id='word_1_234' title='bbox 1728 3180 1995 3222; x_wconf 86' lang='lat' dir='ltr'>Trebonius</span> <span class='ocrx_word' id='word_1_235' title='bbox 2019 3180 2096 3222; x_wconf 79' lang='lat' dir='ltr'>n&#39;a</span> <span class='ocrx_word' id='word_1_236' title='bbox 2119 3191 2202 3233; x_wconf 86' lang='lat' dir='ltr'>pas</span> <span class='ocrx_word' id='word_1_237' title='bbox 2222 3191 2282 3223; x_wconf 80' lang='lat' dir='ltr'>su</span> 
     </span>
     <span class='ocr_line' id='line_1_33' title="bbox 357 3230 2280 3287; baseline -0.001 -11"><span class='ocrx_word' id='word_1_238' title='bbox 357 3233 377 3276; x_wconf 84' lang='lat'><strong>1</strong></span> <span class='ocrx_word' id='word_1_239' title='bbox 404 3233 461 3277; x_wconf 87' lang='lat' dir='ltr'>de</span> <span class='ocrx_word' id='word_1_240' title='bbox 484 3234 531 3276; x_wconf 82' lang='lat' dir='ltr'>la</span> <span class='ocrx_word' id='word_1_241' title='bbox 558 3244 605 3286; x_wconf 84' lang='lat' dir='ltr'>p.</span> <span class='ocrx_word' id='word_1_242' title='bbox 638 3233 736 3277; x_wconf 70' lang='lat'>462.</span> <span class='ocrx_word' id='word_1_243' title='bbox 1377 3244 1427 3275; x_wconf 85' lang='lat' dir='ltr'>se</span> <span class='ocrx_word' id='word_1_244' title='bbox 1446 3235 1615 3275; x_wconf 83' lang='lat' dir='ltr'>mettre</span> <span class='ocrx_word' id='word_1_245' title='bbox 1632 3245 1689 3276; x_wconf 90' lang='lat' dir='ltr'>en</span> <span class='ocrx_word' id='word_1_246' title='bbox 1712 3233 1855 3287; x_wconf 82' lang='lat' dir='ltr'>garde</span> <span class='ocrx_word' id='word_1_247' title='bbox 1885 3237 2048 3277; x_wconf 83' lang='lat' dir='ltr'>contre</span> <span class='ocrx_word' id='word_1_248' title='bbox 2069 3234 2116 3276; x_wconf 87' lang='lat' dir='ltr'>la</span> <span class='ocrx_word' id='word_1_249' title='bbox 2136 3230 2280 3275; x_wconf 70' lang='lat' dir='ltr'>scele-</span> 
     </span>
     <span class='ocr_line' id='line_1_34' title="bbox 349 3284 2279 3330; baseline -0.002 0"><span class='ocrx_word' id='word_1_250' title='bbox 349 3309 354 3315; x_wconf 91' lang='lat'><em>·</em></span> <span class='ocrx_word' id='word_1_251' title='bbox 410 3288 451 3330; x_wconf 75' lang='lat'>2.</span> <span class='ocrx_word' id='word_1_252' title='bbox 479 3286 649 3328; x_wconf 78' lang='lat' dir='ltr'>Cecidi.</span> <span class='ocrx_word' id='word_1_253' title='bbox 689 3287 885 3330; x_wconf 79' lang='lat' dir='ltr'>ciceron</span> <span class='ocrx_word' id='word_1_254' title='bbox 934 3298 962 3329; x_wconf 85' lang='lat' dir='ltr'>a</span> <span class='ocrx_word' id='word_1_255' title='bbox 1010 3284 1264 3329; x_wconf 67' lang='lat' dir='ltr'>succombc</span> <span class='ocrx_word' id='word_1_256' title='bbox 1374 3288 1551 3329; x_wconf 85' lang='lat' dir='ltr'>ratesse</span> <span class='ocrx_word' id='word_1_257' title='bbox 1570 3286 1628 3329; x_wconf 89' lang='lat' dir='ltr'>de</span> <span class='ocrx_word' id='word_1_258' title='bbox 1660 3287 1943 3329; x_wconf 80' lang='lat' dir='ltr'>Dolabella:</span> <span class='ocrx_word' id='word_1_259' title='bbox 1983 3287 2031 3329; x_wconf 87' lang='lat' dir='ltr'>la</span> <span class='ocrx_word' id='word_1_260' title='bbox 2071 3287 2279 3327; x_wconf 50' lang='lat' dir='ltr'>Oris-ieme</span> 
     </span>
     <span class='ocr_line' id='line_1_35' title="bbox 360 3339 2282 3393; baseline 0 -12"><span class='ocrx_word' id='word_1_261' title='bbox 360 3341 776 3385; x_wconf 85' lang='lat' dir='ltr'>volontairement.</span> <span class='ocrx_word' id='word_1_262' title='bbox 803 3340 912 3384; x_wconf 82' lang='lat' dir='ltr'>s&#39;est</span> <span class='ocrx_word' id='word_1_263' title='bbox 933 3340 1077 3383; x_wconf 63' lang='lat' dir='ltr'>laiss&amp;</span> <span class='ocrx_word' id='word_1_264' title='bbox 1095 3340 1256 3386; x_wconf 85' lang='lat' dir='ltr'>exiler.</span> <span class='ocrx_word' id='word_1_265' title='bbox 1368 3339 1656 3393; x_wconf 77' lang='lat' dir='ltr'>Philippique</span> <span class='ocrx_word' id='word_1_266' title='bbox 1667 3344 1859 3383; x_wconf 89' lang='lat' dir='ltr'>racontc</span> <span class='ocrx_word' id='word_1_267' title='bbox 1872 3340 2282 3382; x_wconf 86' lang='lat' dir='ltr'>comment&#39;rrebo-</span> 
     </span>
    </p>
   </div>
   <div class='ocr_carea' id='block_1_6' title="bbox 362 3390 2278 3554">
    <p class='ocr_par' dir='ltr' id='par_1_6' title="bbox 362 3390 2278 3554">
     <span class='ocr_line' id='line_1_36' title="bbox 362 3390 2278 3447; baseline 0.001 -14"><span class='ocrx_word' id='word_1_268' title='bbox 362 3403 424 3433; x_wconf 86' lang='lat' dir='ltr'>au</span> <span class='ocrx_word' id='word_1_269' title='bbox 446 3397 653 3436; x_wconf 85' lang='lat' dir='ltr'>moment</span> <span class='ocrx_word' id='word_1_270' title='bbox 676 3393 738 3436; x_wconf 80' lang='grc' dir='ltr'>οὺ</span> <span class='ocrx_word' id='word_1_271' title='bbox 760 3394 803 3437; x_wconf 88' lang='lat' dir='ltr'>le</span> <span class='ocrx_word' id='word_1_272' title='bbox 831 3394 955 3447; x_wconf 84' lang='lat' dir='ltr'>parti</span> <span class='ocrx_word' id='word_1_273' title='bbox 983 3392 1039 3436; x_wconf 87' lang='lat' dir='ltr'>de</span> <span class='ocrx_word' id='word_1_274' title='bbox 1069 3392 1261 3436; x_wconf 84' lang='lat' dir='ltr'>Clodius</span> <span class='ocrx_word' id='word_1_275' title='bbox 1371 3394 1483 3435; x_wconf 80' lang='lat' dir='ltr'>nius</span> <span class='ocrx_word' id='word_1_276' title='bbox 1506 3395 1612 3435; x_wconf 84' lang='lat' dir='ltr'>s&#39;est</span> <span class='ocrx_word' id='word_1_277' title='bbox 1639 3390 1784 3435; x_wconf 59' lang='lat' dir='ltr'>laiss&amp;</span> <span class='ocrx_word' id='word_1_278' title='bbox 1819 3394 2020 3445; x_wconf 84' lang='lat' dir='ltr'>prendre</span> <span class='ocrx_word' id='word_1_279' title='bbox 2060 3404 2122 3435; x_wconf 81' lang='lat' dir='ltr'>au</span> <span class='ocrx_word' id='word_1_280' title='bbox 2148 3392 2278 3447; x_wconf 70' lang='lat' dir='ltr'>piege</span> 
     </span>
     <span class='ocr_line' id='line_1_37' title="bbox 366 3442 2277 3507; baseline 0 -22"><span class='ocrx_word' id='word_1_281' title='bbox 366 3442 479 3487; x_wconf 75' lang='lat' dir='ltr'>etait</span> <span class='ocrx_word' id='word_1_282' title='bbox 505 3446 693 3507; x_wconf 39' lang='lat' dir='ltr'>pro-tege</span> <span class='ocrx_word' id='word_1_283' title='bbox 742 3458 829 3501; x_wconf 87' lang='lat' dir='ltr'>par</span> <span class='ocrx_word' id='word_1_284' title='bbox 859 3447 927 3489; x_wconf 85' lang='lat' dir='ltr'>les</span> <span class='ocrx_word' id='word_1_285' title='bbox 962 3447 1173 3500; x_wconf 81' lang='lat' dir='ltr'>citoyens</span> <span class='ocrx_word' id='word_1_286' title='bbox 1195 3445 1262 3489; x_wconf 83' lang='lat' dir='ltr'>les</span> <span class='ocrx_word' id='word_1_287' title='bbox 1372 3446 1441 3499; x_wconf 89' lang='lat'>(11,</span> <span class='ocrx_word' id='word_1_288' title='bbox 1463 3446 1518 3488; x_wconf 84' lang='lat'>5:</span> <span class='ocrx_word' id='word_1_289' title='bbox 1547 3457 1779 3507; x_wconf 76' lang='lat' dir='ltr'>oppressus</span> <span class='ocrx_word' id='word_1_290' title='bbox 1800 3445 2102 3492; x_wconf 74' lang='lat' dir='ltr'>Trebonius...</span> <span class='ocrx_word' id='word_1_291' title='bbox 2126 3444 2277 3486; x_wconf 77' lang='lat' dir='ltr'>incau-</span> 
     </span>
     <span class='ocr_line' id='line_1_38' title="bbox 364 3496 1692 3554; baseline 0.004 -17"><span class='ocrx_word' id='word_1_292' title='bbox 364 3497 472 3548; x_wconf 87' lang='lat' dir='ltr'>plus</span> <span class='ocrx_word' id='word_1_293' title='bbox 505 3502 740 3542; x_wconf 79' lang='lat' dir='ltr'>eminents</span> <span class='ocrx_word' id='word_1_294' title='bbox 777 3500 833 3542; x_wconf 87' lang='lat' dir='ltr'>de</span> <span class='ocrx_word' id='word_1_295' title='bbox 864 3499 911 3543; x_wconf 83' lang='lat' dir='ltr'>la</span> <span class='ocrx_word' id='word_1_296' title='bbox 936 3496 1257 3554; x_wconf 71' lang='lat' dir='ltr'>Republique.</span> <span class='ocrx_word' id='word_1_297' title='bbox 1376 3503 1498 3545; x_wconf 73' lang='lat' dir='ltr'>tus...</span> <span class='ocrx_word' id='word_1_298' title='bbox 1520 3503 1692 3552; x_wconf 71' lang='lat' dir='ltr'>miser).</span> 
     </span>
    </p>
   </div>
  </div>
 </body>
</html>
