2570 4026
333 241 454 303 316
553 321 562 339 t
1021 251 1123 301 tus
1167 229 1575 308 flmmprouas

331 411 517 471 aequo
580 392 797 453 videre
846 395 961 463 tot,
1019 396 1153 452 tam
1213 394 1651 469 importunoS‚
1716 396 1849 453 tam
1906 393 2266 454 sceleratos

331 482 592 556 hostes3
626 500 746 542 nec
781 482 842 542 id
895 482 965 541 fit
1014 481 1274 542 fastidio
1319 498 1491 553 me0,
1532 482 1645 542 sed
1689 484 1951 543 caritate
1989 486 2084 544 rei
2130 502 2275 561 pu—

336 573 543 634 biicae.
939 623 941 630 ,
1403 569 1409 575 ’

414 663 512 722 21.
548 662 669 722 Sed
702 663 959 720 vincam
991 663 1307 732 animum,
1349 662 1645 739 mihique
1691 664 2047 740 imperabO,
2084 663 2275 723 dolo-

333 769 475 811 rem
500 751 969 828 justissimum,
1007 752 1062 810 si
1103 768 1237 809 non
1274 755 1503 828 potero
1539 751 1854 827 frangere,
1898 752 2270 812 occultabo,

335 841 712 913 Quidivitae
758 842 1143 913 censetisne,
1197 845 1411 919 patres
1460 844 1835 919 conscripti,
1897 842 2272 901 habendam

337 930 498 990 mibi
563 929 849 1007 aliquam
931 945 1073 989 esse
1139 932 1505 991 rationem?
1577 945 1719 1007 quae
1780 927 1939 991 mihi
1997 929 2271 1007 quidem

333 1022 606 1081 minime
639 1037 788 1080 cara
816 1023 935 1092 est,
984 1022 1347 1097 praesertim
1392 1038 1546 1081 curn
1586 1020 1919 1081 Dolabella
1952 1022 1968 1054 ¹
2012 1020 2269 1090 fecerit,

336 1116 407 1174 ut
434 1111 714 1188 optanda
742 1125 923 1192 mors
947 1115 1140 1183 esset,
1179 1110 1374 1170 modo
1405 1112 1545 1170 sine
1586 1112 1876 1170 cruciatu
1910 1113 2103 1186 atque
2131 1114 2274 1168 tor-

332 1200 606 1271 mentis3
640 1197 825 1258 vobis
854 1202 1095 1272 tamen,
1143 1203 1206 1259 et
1245 1200 1488 1277 populo
1531 1200 1823 1259 Romano
1871 1198 2017 1257 vilis
2073 1214 2272 1257 meus

333 1287 604 1367 spiritus
629 1304 773 1348 esse
804 1305 936 1347 non
989 1287 1197 1348 debet.
1246 1288 1307 1347 Is
1348 1290 1522 1349 enim
1566 1306 1736 1359 sum,
1786 1287 1913 1347 nis'i
1954 1304 2058 1347 me
2095 1286 2272 1346 forte

337 1379 511 1452 fallo,
557 1380 668 1455 qui
722 1378 983 1458 vigilii&
1028 1379 1225 1451 curiS,
1266 1379 1628 1448 sententiiS,
1693 1377 2000 1454 periculis
2037 1378 2267 1454 etiam,

309 1486 478 1546 ¹quae
506 1468 792 1545 plurima
830 1466 959 1526 adii
1001 1471 1265 1545 propter
1311 1468 1807 1527 acerbissimum
1856 1468 2152 1527 omnium
2198 1468 2275 1528 in

334 1575 441 1618 me
470 1557 694 1617 odium
735 1557 1113 1633 impiorum,
1160 1557 1572 1634 perfecerim,
1616 1560 1687 1615 ut
1742 1571 1876 1615 non
1928 1558 2270 1617 obstarem

336 1647 430 1706 rei
487 1645 783 1723 publicae,
862 1663 943 1704 ne
1022 1645 1178 1721 quid
1264 1646 1672 1722 arrogantius
1745 1643 1968 1705 videar
2018 1645 2267 1707 dicere.

334 1736 441 1796 22.
479 1731 663 1806 Quod
707 1751 858 1794 cum
888 1735 977 1794 ita
1027 1734 1131 1806 sit,
1173 1735 1422 1795 nihilne
1463 1734 1540 1794 de
1581 1734 1870 1813 periculo
1906 1751 2053 1795 meo
2086 1737 2270 1813 cogi-

334 1825 605 1885 tandum
621 1826 873 1902 -putatis
892 1826 920 1884 ἱ)

413 1932 515 1990 ΙΧ.
566 1930 681 1990 Hic
712 1947 863 1989 cum
891 1947 1110 1990 essem
1137 1931 1205 1990 in
1234 1933 1403 1991 Urbe
1439 1949 1511 1992 ac
1547 1932 1746 2004 domi,
1794 1936 2014 1991 tamen
2049 1932 2269 1991 multa

332 2027 501 2090 saepe
532 2013 774 2073 tentata
806 2016 978 2083 sunt,
1015 2012 1124 2072 ubi
1156 2029 1261 2072 me
1292 2030 1426 2072 non
1459 2012 1677 2073 solum
1703 2015 2068 2073 amicorum
2095 2012 2267 2073 flde-

328 2102 500 2176 litas‚
537 2100 650 2161 sed
679 2101 876 2160 etiam
916 2102 1236 2161 universae
1292 2102 1576 2162 civitatis
1621 2103 1794 2162 oculi
1852 2102 2261 2162 custodiunt.

279 2194 292 2203 ⁸
328 2192 492 2263 Quid
523 2191 829 2262 censetis,
879 2207 1032 2250 cum
1063 2191 1185 2250 iter
1227 2194 1566 2269 ingressus
1612 2210 1742 2265 ero,
1794 2194 2062 2270 longum
2107 2209 2269 2269 prae-

333 2281 581 2355 sertim,
623 2281 925 2340 nullasne
972 2280 1248 2340 insidias
1291 2282 1854 2342 extimescendas?
1907 2276 2056 2341 Tres
2089 2281 2210 2340 viae
2241 2281 2267 2316 2

333 2375 485 2431 sunt
511 2368 589 2430 ad
616 2371 950 2444 Mutinam,
986 2386 1113 2445 quo
1141 2368 1408 2431 festinat
1458 2371 1737 2442 animus,
1786 2375 1858 2430 ut
1899 2386 2095 2447 quam
2127 2370 2266 2448 pri-

329 2476 514 2519 mum
545 2458 705 2517 illud
756 2458 993 2536 pignus
1041 2458 1356 2518 libertatis
1401 2459 1624 2536 populi
1679 2458 1972 2532 Romani,
2007 2459 2076 2517 D.
2112 2458 2268 2518 Bru-

330 2552 494 2621 tum,
524 2547 857 2625 adspicere
907 2548 1181 2623 possim,
1229 2548 1418 2626 cujus
1466 2549 1532 2607 in
1592 2550 1931 2626 complexu
1986 2549 2270 2607 libenter

330 2640 693 2697 extremum
720 2637 865 2695 vitae
900 2637 1201 2712 spiritum
1235 2634 1576 2712 ediderim,
1612 2655 1760 2698 cum
1806 2653 2032 2698 omnes
2063 2637 2267 2696 actio-

331 2744 447 2788 nes
477 2728 713 2787 horum
740 2725 1069 2786 mensium
1096 2727 1116 2760 ³
1145 2744 1374 2788 omnes
1407 2729 1739 2788 sententiae
1770 2744 1930 2787 meae
1955 2740 2268 2805 pervene-

275 2933 279 2938 ,
373 2889 419 2935 1.
449 2886 697 2927 Dolabella.
731 2885 956 2927 Allusion
992 2897 1089 2928 aux
1140 2888 1231 2929 tor·
1345 2884 1514 2942 longee
1537 2888 1721 2930 ensuite
1737 2885 1928 2940 jusqu'a
1950 2886 2176 2939 Aquileia
2196 2897 2260 2929 en

326 2947 559 2994 furesque
580 2938 828 2981 Dolabella
849 2937 899 2981 fit
921 2939 1053 2981 subir
1069 2938 1097 2980 a
1117 2940 1230 2983 Tre-
1342 2939 1564 2987 Venetie;
1593 2940 1656 2982 du
1691 2940 1793 2983 cote
1836 2940 1893 2983 de
1926 2939 1973 2981 la
1998 2950 2102 2981 mer
2124 2939 2257 2983 Infe-

320 2992 498 3040 'bonius
520 2995 664 3035 avant
686 2992 744 3035 de
768 2991 813 3034 le
838 2994 1007 3036 mettre
1028 2991 1057 3033 a
1076 2996 1225 3036 mort.
1342 2995 1503 3037 rieure
1524 3005 1587 3037 ou
1604 2993 1981 3047 Tyrrhenicum,
2007 2993 2051 3035 la
2072 2993 2148 3033 vla
2167 2992 2259 3033 Au-

370 3049 415 3092 2.
452 3047 556 3088 Tres
588 3047 683 3087 vioe.
718 3045 811 3088 Les
841 3047 955 3089 trois
978 3045 1108 3089 voies
1146 3046 1228 3101 qui
1342 3048 1476 3096 ralia,
1514 3048 1775 3090 construite
1807 3056 1892 3101 par
1931 3054 1997 3088 un
2038 3046 2257 3090 membre

321 3101 604 3146 conduisent
648 3099 706 3161 de
758 3100 910 3142 Rome
950 3098 979 3140 a
1030 3098 1230 3144 Modene
1340 3100 1395 3143 de
1421 3101 1468 3143 la
1487 3113 1597 3167 ‚qens
1622 3100 1827 3150 Aurelia,
1858 3100 2036 3142 suivait
2068 3099 2117 3141 la
2146 3100 2255 3143 cote

318 3158 455 3199 sont:
480 3154 662 3196 duecte
680 3152 736 3196 de
761 3153 808 3194 la
828 3163 929 3195 mer
942 3156 1006 3194 Su
1043 3152 1230 3198 erieure
1337 3153 1483 3208 jusqu
1502 3164 1561 3196 en
1610 3155 1761 3198 Gaule
1805 3164 1864 3197 en
1920 3155 2116 3206 passant
2162 3164 2253 3207 par

314 3222 375 3253 ou
419 3206 721 3261 Adriatique,
767 3206 815 3249 la
853 3206 926 3246 υἰα
967 3205 1222 3256 Faminia,
1338 3208 1476 3253 Pise:
1502 3219 1563 3249 au
1598 3208 1760 3251 milieu
1791 3207 1874 3250 des
1904 3209 2069 3253 terres,
2101 3207 2145 3248 la
2178 3208 2255 3247 via

316 3262 580 3306 construite
620 3271 704 3312 par
753 3260 796 3303 le
822 3270 1023 3303 censent·
1054 3260 1228 3303 Flami·
1340 3260 1516 3309 Cassia,
1541 3262 1799 3313 construite
1823 3271 1908 3314 par
1940 3271 2006 3302 un
2037 3260 2253 3303 membre

315 3319 440 3364 nius,
474 3317 644 3356 autem·
679 3313 742 3356 du
786 3314 930 3354 circus
971 3312 1225 3355 Flaminius
1336 3314 1393 3357 de
1414 3315 1581 3366 laqens
1597 3311 1899 3364 (jas.3ia,etait
1922 3324 2015 3356 une
2036 3314 2252 3357 branche

334 3372 436 3412 voir
462 3368 509 3409 la
547 3369 656 3409 note
683 3366 712 3409 2
743 3366 801 3410 de
832 3366 882 3409 la
927 3378 977 3420 p.
1015 3366 1127 3419 390),
1166 3378 1224 3410 en
1336 3367 1534 3411 laterale
1564 3367 1620 3411 de
1644 3369 1781 3410 lavia
1805 3367 2048 3410 Flaminia.

344 3422 416 3470 21,
443 3420 740 3463 atraversla
762 3421 951 3469 Sabine,
983 3419 1222 3471 l'Ombrie,
1388 3421 1427 3466 3,
1479 3421 1651 3462 Horum
1692 3422 1926 3465 mensium.
1978 3421 2067 3463 Les
2118 3431 2242 3463 mss.

317 3477 362 3518 le
391 3485 502 3529 pays
519 3473 606 3531 des
648 3476 878 3520 Senones,
905 3472 1095 3526 jusqu'a
1125 3476 1225 3516 Ari-
1335 3478 1416 3517 ont
1444 3476 1489 3517 la
1532 3476 1665 3527 lecon
1709 3487 1901 3515 mensum
1943 3474 2123 3517 admise
2159 3484 2248 3527 par
2286 3501 2297 3507 -

322 3529 523 3577 minum,
547 3529 649 3578 port
672 3526 731 3569 de
761 3526 1097 3578 l'Adriatique;
1121 3539 1224 3580 pro-
1336 3528 1577 3580 plusieurs
1615 3527 1839 3572 e'diteurs.
1879 3529 1941 3571 Ce
1989 3527 2160 3581 genitis
2188 3527 2247 3571 de
