<?xml version="1.0" encoding="UTF-8"?>
<!DOCTYPE html PUBLIC "-//W3C//DTD XHTML 1.0 Transitional//EN"
    "http://www.w3.org/TR/xhtml1/DTD/xhtml1-transitional.dtd">
<html xmlns="http://www.w3.org/1999/xhtml" xml:lang="en" lang="en">
 <head>
  <title>
</title>
<meta http-equiv="Content-Type" content="text/html;charset=utf-8" />
  <meta name='ocr-system' content='tesseract 3.04.00' />
  <meta name='ocr-capabilities' content='ocr_page ocr_carea ocr_par ocr_line ocrx_word'/>
</head>
<body>
  <div class='ocr_page' id='page_1' title='image "./extraitsetanaly00mirmgoog_0125.png"; bbox 0 0 2570 4026; ppageno 0'>
   <div class='ocr_carea' id='block_1_1' title="bbox 63 0 578 81">
    <p class='ocr_par' dir='ltr' id='par_1_1' title="bbox 63 0 578 81">
     <span class='ocr_line' id='line_1_1' title="bbox 63 0 578 81; baseline 0 3945"><span class='ocrx_word' id='word_1_1' title='bbox 63 0 578 81; x_wconf 95' lang='lat' dir='ltr'> </span> 
     </span>
    </p>
   </div>
   <div class='ocr_carea' id='block_1_2' title="bbox 644 321 2083 381">
    <p class='ocr_par' dir='ltr' id='par_1_2' title="bbox 644 321 2083 381">
     <span class='ocr_line' id='line_1_2' title="bbox 644 321 2083 381; baseline -0.002 -2"><span class='ocrx_word' id='word_1_2' title='bbox 644 337 737 379; x_wconf 74' lang='lat' dir='ltr'>&#39;LE</span> <span class='ocrx_word' id='word_1_3' title='bbox 783 343 811 372; x_wconf 93' lang='lat'>«</span> <span class='ocrx_word' id='word_1_4' title='bbox 849 336 958 378; x_wconf 72' lang='lat' dir='ltr'>rao</span> <span class='ocrx_word' id='word_1_5' title='bbox 1004 335 1206 379; x_wconf 76' lang='lat' dir='ltr'>Rosclo</span> <span class='ocrx_word' id='word_1_6' title='bbox 1248 335 1522 379; x_wconf 76' lang='lat' dir='ltr'>AMERmo</span> <span class='ocrx_word' id='word_1_7' title='bbox 1556 344 1583 373; x_wconf 85' lang='lat'>»</span> <span class='ocrx_word' id='word_1_8' title='bbox 1737 322 1741 329; x_wconf 83' lang='grc'><em>’</em></span> <span class='ocrx_word' id='word_1_9' title='bbox 1972 324 1993 381; x_wconf 71' lang='grc'>1,</span> <span class='ocrx_word' id='word_1_10' title='bbox 2018 321 2083 379; x_wconf 79' lang='grc'>13</span> 
     </span>
    </p>
   </div>
   <div class='ocr_carea' id='block_1_3' title="bbox 208 471 2095 1248">
    <p class='ocr_par' dir='ltr' id='par_1_3' title="bbox 208 471 2095 1248">
     <span class='ocr_line' id='line_1_3' title="bbox 210 471 2091 548; baseline -0.002 -13"><span class='ocrx_word' id='word_1_11' title='bbox 210 474 434 535; x_wconf 80' lang='lat' dir='ltr'>initium</span> <span class='ocrx_word' id='word_1_12' title='bbox 461 473 530 532; x_wconf 92' lang='lat' dir='ltr'>in</span> <span class='ocrx_word' id='word_1_13' title='bbox 556 475 774 531; x_wconf 83' lang='lat' dir='ltr'>vestro</span> <span class='ocrx_word' id='word_1_14' title='bbox 795 471 941 547; x_wconf 85' lang='lat' dir='ltr'>jure</span> <span class='ocrx_word' id='word_1_15' title='bbox 967 471 1246 548; x_wconf 82' lang='lat' dir='ltr'>jurando</span> <span class='ocrx_word' id='word_1_16' title='bbox 1281 473 1297 504; x_wconf 85' lang='lat'><strong>¹</strong></span> <span class='ocrx_word' id='word_1_17' title='bbox 1353 475 1544 547; x_wconf 90' lang='lat' dir='ltr'>atque</span> <span class='ocrx_word' id='word_1_18' title='bbox 1585 473 1653 530; x_wconf 90' lang='lat' dir='ltr'>in</span> <span class='ocrx_word' id='word_1_19' title='bbox 1696 474 1837 533; x_wconf 86' lang='lat' dir='ltr'>Sex.</span> <span class='ocrx_word' id='word_1_20' title='bbox 1873 473 2091 533; x_wconf 88' lang='lat' dir='ltr'><strong>Roscii</strong></span> 
     </span>
     <span class='ocr_line' id='line_1_4' title="bbox 211 559 2093 639; baseline -0.001 -17"><span class='ocrx_word' id='word_1_21' title='bbox 211 562 465 639; x_wconf 87' lang='lat' dir='ltr'>periculo</span> <span class='ocrx_word' id='word_1_22' title='bbox 496 561 701 639; x_wconf 79' lang='lat' dir='ltr'>quaeri</span> <span class='ocrx_word' id='word_1_23' title='bbox 730 560 759 618; x_wconf 66' lang='grc' dir='ltr'>ἱ)</span> <span class='ocrx_word' id='word_1_24' title='bbox 794 560 1160 620; x_wconf 83' lang='lat' dir='ltr'>Dubiumne</span> <span class='ocrx_word' id='word_1_25' title='bbox 1186 561 1304 633; x_wconf 76' lang='lat' dir='ltr'>est,</span> <span class='ocrx_word' id='word_1_26' title='bbox 1341 559 1421 618; x_wconf 90' lang='lat' dir='ltr'>ad</span> <span class='ocrx_word' id='word_1_27' title='bbox 1461 577 1653 637; x_wconf 86' lang='lat' dir='ltr'>quem</span> <span class='ocrx_word' id='word_1_28' title='bbox 1698 561 2093 622; x_wconf 88' lang='lat' dir='ltr'>maleficium</span> 
     </span>
     <span class='ocr_line' id='line_1_5' title="bbox 208 648 2090 728; baseline 0.001 -19"><span class='ocrx_word' id='word_1_29' title='bbox 208 651 513 726; x_wconf 81' lang='lat' dir='ltr'>pertineat,</span> <span class='ocrx_word' id='word_1_30' title='bbox 575 667 726 711; x_wconf 87' lang='lat' dir='ltr'>cum</span> <span class='ocrx_word' id='word_1_31' title='bbox 796 649 1067 710; x_wconf 89' lang='lat' dir='ltr'>videatis</span> <span class='ocrx_word' id='word_1_32' title='bbox 1133 667 1212 708; x_wconf 79' lang='lat' dir='ltr'>ex</span> <span class='ocrx_word' id='word_1_33' title='bbox 1268 648 1472 709; x_wconf 86' lang='lat' dir='ltr'>altera</span> <span class='ocrx_word' id='word_1_34' title='bbox 1519 655 1695 728; x_wconf 88' lang='lat' dir='ltr'>parte</span> <span class='ocrx_word' id='word_1_35' title='bbox 1750 656 2090 726; x_wconf 80' lang='lat' dir='ltr'>sectorem,</span> 
     </span>
     <span class='ocr_line' id='line_1_6' title="bbox 211 739 2093 815; baseline 0.002 -18"><span class='ocrx_word' id='word_1_36' title='bbox 211 741 548 814; x_wconf 87' lang='lat' dir='ltr'>inimicum,</span> <span class='ocrx_word' id='word_1_37' title='bbox 601 740 935 812; x_wconf 89' lang='lat' dir='ltr'>sicarium,</span> <span class='ocrx_word' id='word_1_38' title='bbox 996 739 1431 815; x_wconf 89' lang='lat' dir='ltr'>eumdemque</span> <span class='ocrx_word' id='word_1_39' title='bbox 1475 744 1921 800; x_wconf 79' lang='lat' dir='ltr'>accusatorem</span> <span class='ocrx_word' id='word_1_40' title='bbox 1968 741 2093 800; x_wconf 90' lang='lat' dir='ltr'>hoc</span> 
     </span>
     <span class='ocr_line' id='line_1_7' title="bbox 211 829 2092 907; baseline 0.002 -20"><span class='ocrx_word' id='word_1_41' title='bbox 211 832 494 906; x_wconf 85' lang='lat' dir='ltr'>tempore,</span> <span class='ocrx_word' id='word_1_42' title='bbox 554 846 634 888; x_wconf 79' lang='lat' dir='ltr'>ex</span> <span class='ocrx_word' id='word_1_43' title='bbox 687 829 888 889; x_wconf 84' lang='lat' dir='ltr'>altera</span> <span class='ocrx_word' id='word_1_44' title='bbox 949 833 1129 907; x_wconf 87' lang='lat' dir='ltr'>parte</span> <span class='ocrx_word' id='word_1_45' title='bbox 1190 832 1510 904; x_wconf 83' lang='lat' dir='ltr'>egentem,</span> <span class='ocrx_word' id='word_1_46' title='bbox 1555 829 1898 906; x_wconf 87' lang='lat' dir='ltr'>probatum</span> <span class='ocrx_word' id='word_1_47' title='bbox 1956 831 2092 890; x_wconf 89' lang='lat' dir='ltr'>suis</span> 
     </span>
     <span class='ocr_line' id='line_1_8' title="bbox 211 916 2094 998; baseline 0.001 -22"><span class='ocrx_word' id='word_1_48' title='bbox 211 918 385 978; x_wconf 86' lang='lat' dir='ltr'>fllium</span> <span class='ocrx_word' id='word_1_49' title='bbox 417 920 460 993; x_wconf 74' lang='lat'>2,</span> <span class='ocrx_word' id='word_1_50' title='bbox 493 920 559 979; x_wconf 90' lang='lat' dir='ltr'>in</span> <span class='ocrx_word' id='word_1_51' title='bbox 592 936 722 995; x_wconf 90' lang='lat' dir='ltr'>quo</span> <span class='ocrx_word' id='word_1_52' title='bbox 753 935 886 977; x_wconf 91' lang='lat' dir='ltr'>non</span> <span class='ocrx_word' id='word_1_53' title='bbox 913 918 1109 977; x_wconf 89' lang='lat' dir='ltr'>modo</span> <span class='ocrx_word' id='word_1_54' title='bbox 1159 917 1351 996; x_wconf 90' lang='lat' dir='ltr'>culpa</span> <span class='ocrx_word' id='word_1_55' title='bbox 1387 916 1591 991; x_wconf 75' lang='lat' dir='ltr'>nulla,</span> <span class='ocrx_word' id='word_1_56' title='bbox 1630 919 1743 978; x_wconf 91' lang='lat' dir='ltr'>sed</span> <span class='ocrx_word' id='word_1_57' title='bbox 1772 937 1851 979; x_wconf 93' lang='lat' dir='ltr'>ne</span> <span class='ocrx_word' id='word_1_58' title='bbox 1886 920 2094 998; x_wconf 88' lang='lat' dir='ltr'>suspi-</span> 
     </span>
     <span class='ocr_line' id='line_1_9' title="bbox 211 1007 2092 1086; baseline 0.001 -19"><span class='ocrx_word' id='word_1_59' title='bbox 211 1008 292 1067; x_wconf 86' lang='lat' dir='ltr'>cio</span> <span class='ocrx_word' id='word_1_60' title='bbox 336 1010 598 1086; x_wconf 88' lang='lat' dir='ltr'>quidem</span> <span class='ocrx_word' id='word_1_61' title='bbox 642 1009 855 1086; x_wconf 89' lang='lat' dir='ltr'>potuit</span> <span class='ocrx_word' id='word_1_62' title='bbox 902 1008 1315 1068; x_wconf 76' lang='lat' dir='ltr'>consistere?</span> <span class='ocrx_word' id='word_1_63' title='bbox 1372 1007 1701 1086; x_wconf 89' lang='lat' dir='ltr'>Numquid</span> <span class='ocrx_word' id='word_1_64' title='bbox 1754 1009 1859 1069; x_wconf 87' lang='lat' dir='ltr'>hie</span> <span class='ocrx_word' id='word_1_65' title='bbox 1917 1009 2092 1069; x_wconf 89' lang='lat' dir='ltr'>aliud</span> 
     </span>
     <span class='ocr_line' id='line_1_10' title="bbox 210 1094 2095 1179; baseline 0.003 -23"><span class='ocrx_word' id='word_1_66' title='bbox 210 1098 411 1158; x_wconf 88' lang='lat' dir='ltr'>videtis</span> <span class='ocrx_word' id='word_1_67' title='bbox 447 1099 706 1158; x_wconf 87' lang='lat' dir='ltr'>obstare</span> <span class='ocrx_word' id='word_1_68' title='bbox 754 1097 897 1179; x_wconf 71' lang='lat' dir='ltr'>Sex.</span> <span class='ocrx_word' id='word_1_69' title='bbox 941 1094 1198 1169; x_wconf 84' lang='lat' dir='ltr'>Roscio,</span> <span class='ocrx_word' id='word_1_70' title='bbox 1253 1097 1383 1157; x_wconf 91' lang='lat' dir='ltr'>nisi</span> <span class='ocrx_word' id='word_1_71' title='bbox 1443 1097 1617 1174; x_wconf 91' lang='lat' dir='ltr'>quod</span> <span class='ocrx_word' id='word_1_72' title='bbox 1668 1099 1869 1176; x_wconf 88' lang='lat' dir='ltr'>patris</span> <span class='ocrx_word' id='word_1_73' title='bbox 1929 1099 2095 1161; x_wconf 83' lang='lat' dir='ltr'>bona</span> 
     </span>
     <span class='ocr_line' id='line_1_11' title="bbox 208 1187 784 1248; baseline -0.002 -3"><span class='ocrx_word' id='word_1_74' title='bbox 208 1190 523 1248; x_wconf 80' lang='lat' dir='ltr'>venierunt</span> <span class='ocrx_word' id='word_1_75' title='bbox 552 1187 581 1245; x_wconf 62' lang='grc' dir='ltr'>ἱ)</span> <span class='ocrx_word' id='word_1_76' title='bbox 779 1196 784 1203; x_wconf 80' lang='grc'><em>“</em></span> 
     </span>
    </p>
   </div>
   <div class='ocr_carea' id='block_1_4' title="bbox 209 1293 2188 2892">
    <p class='ocr_par' dir='ltr' id='par_1_4' title="bbox 209 1293 2188 2892">
     <span class='ocr_line' id='line_1_12' title="bbox 273 1293 2095 1372; baseline 0.001 -18"><span class='ocrx_word' id='word_1_77' title='bbox 273 1297 417 1354; x_wconf 91' lang='lat' dir='ltr'><strong>LIII.</strong></span> <span class='ocrx_word' id='word_1_78' title='bbox 449 1296 588 1355; x_wconf 75' lang='lat'><strong>153.</strong></span> <span class='ocrx_word' id='word_1_79' title='bbox 626 1294 869 1365; x_wconf 87' lang='lat' dir='ltr'>Quodsi</span> <span class='ocrx_word' id='word_1_80' title='bbox 911 1293 975 1353; x_wconf 91' lang='lat' dir='ltr'>id</span> <span class='ocrx_word' id='word_1_81' title='bbox 1014 1311 1129 1354; x_wconf 87' lang='lat' dir='ltr'>vos</span> <span class='ocrx_word' id='word_1_82' title='bbox 1172 1294 1527 1372; x_wconf 76' lang='lat' dir='ltr'>suscipitiS‚</span> <span class='ocrx_word' id='word_1_83' title='bbox 1563 1300 1625 1356; x_wconf 88' lang='lat' dir='ltr'>et</span> <span class='ocrx_word' id='word_1_84' title='bbox 1655 1295 1733 1355; x_wconf 87' lang='lat' dir='ltr'>ad</span> <span class='ocrx_word' id='word_1_85' title='bbox 1781 1313 1924 1357; x_wconf 88' lang='lat' dir='ltr'>eam</span> <span class='ocrx_word' id='word_1_86' title='bbox 1958 1313 2095 1356; x_wconf 89' lang='lat' dir='ltr'>rem</span> 
     </span>
     <span class='ocr_line' id='line_1_13' title="bbox 212 1383 2098 1462; baseline 0.002 -19"><span class='ocrx_word' id='word_1_87' title='bbox 212 1401 448 1462; x_wconf 86' lang='lat' dir='ltr'>operam</span> <span class='ocrx_word' id='word_1_88' title='bbox 483 1389 772 1445; x_wconf 84' lang='lat' dir='ltr'>vestram</span> <span class='ocrx_word' id='word_1_89' title='bbox 804 1383 1222 1462; x_wconf 84' lang='lat' dir='ltr'>profitemini,</span> <span class='ocrx_word' id='word_1_90' title='bbox 1269 1385 1324 1443; x_wconf 92' lang='lat' dir='ltr'>si</span> <span class='ocrx_word' id='word_1_91' title='bbox 1357 1385 1596 1445; x_wconf 86' lang='lat' dir='ltr'>idcirco</span> <span class='ocrx_word' id='word_1_92' title='bbox 1629 1386 1891 1461; x_wconf 88' lang='lat' dir='ltr'>sedetis,</span> <span class='ocrx_word' id='word_1_93' title='bbox 1924 1390 1996 1446; x_wconf 89' lang='lat' dir='ltr'>ut</span> <span class='ocrx_word' id='word_1_94' title='bbox 2021 1386 2098 1445; x_wconf 89' lang='lat' dir='ltr'>ad</span> 
     </span>
     <span class='ocr_line' id='line_1_14' title="bbox 210 1473 2099 1552; baseline 0.003 -22"><span class='ocrx_word' id='word_1_95' title='bbox 210 1491 306 1533; x_wconf 86' lang='lat' dir='ltr'>vos</span> <span class='ocrx_word' id='word_1_96' title='bbox 346 1474 744 1536; x_wconf 83' lang='lat' dir='ltr'>adducantur</span> <span class='ocrx_word' id='word_1_97' title='bbox 796 1491 1024 1534; x_wconf 90' lang='lat' dir='ltr'>eorum</span> <span class='ocrx_word' id='word_1_98' title='bbox 1076 1473 1287 1546; x_wconf 88' lang='lat' dir='ltr'>liberi,</span> <span class='ocrx_word' id='word_1_99' title='bbox 1339 1492 1617 1552; x_wconf 90' lang='lat' dir='ltr'>quorum</span> <span class='ocrx_word' id='word_1_100' title='bbox 1664 1476 1834 1536; x_wconf 88' lang='lat' dir='ltr'>bona</span> <span class='ocrx_word' id='word_1_101' title='bbox 1884 1476 2099 1535; x_wconf 85' lang='lat' dir='ltr'>venie-</span> 
     </span>
     <span class='ocr_line' id='line_1_15' title="bbox 209 1563 2101 1642; baseline 0.002 -21"><span class='ocrx_word' id='word_1_102' title='bbox 209 1568 337 1624; x_wconf 85' lang='lat' dir='ltr'>runt</span> <span class='ocrx_word' id='word_1_103' title='bbox 368 1583 382 1624; x_wconf 90' lang='lat'>:</span> <span class='ocrx_word' id='word_1_104' title='bbox 413 1567 654 1637; x_wconf 87' lang='lat' dir='ltr'>cavete,</span> <span class='ocrx_word' id='word_1_105' title='bbox 704 1580 820 1642; x_wconf 88' lang='lat' dir='ltr'>per</span> <span class='ocrx_word' id='word_1_106' title='bbox 868 1563 1024 1623; x_wconf 92' lang='lat' dir='ltr'>deos</span> <span class='ocrx_word' id='word_1_107' title='bbox 1061 1564 1483 1638; x_wconf 78' lang='lat' dir='ltr'>immortaleS,</span> <span class='ocrx_word' id='word_1_108' title='bbox 1509 1565 1788 1641; x_wconf 81' lang='lat' dir='ltr'>judiceS,</span> <span class='ocrx_word' id='word_1_109' title='bbox 1821 1582 1900 1624; x_wconf 91' lang='lat' dir='ltr'>ne</span> <span class='ocrx_word' id='word_1_110' title='bbox 1932 1582 2101 1625; x_wconf 89' lang='lat' dir='ltr'>nova</span> 
     </span>
     <span class='ocr_line' id='line_1_16' title="bbox 211 1652 2100 1730; baseline 0.001 -18"><span class='ocrx_word' id='word_1_111' title='bbox 211 1657 261 1712; x_wconf 86' lang='lat' dir='ltr'>et</span> <span class='ocrx_word' id='word_1_112' title='bbox 292 1653 490 1713; x_wconf 89' lang='lat' dir='ltr'>multo</span> <span class='ocrx_word' id='word_1_113' title='bbox 535 1652 866 1714; x_wconf 88' lang='lat' dir='ltr'>crudelior</span> <span class='ocrx_word' id='word_1_114' title='bbox 920 1669 1033 1730; x_wconf 91' lang='lat' dir='ltr'>per</span> <span class='ocrx_word' id='word_1_115' title='bbox 1090 1669 1205 1711; x_wconf 89' lang='lat' dir='ltr'>vos</span> <span class='ocrx_word' id='word_1_116' title='bbox 1255 1653 1642 1730; x_wconf 89' lang='lat' dir='ltr'>proscriptio</span> <span class='ocrx_word' id='word_1_117' title='bbox 1697 1655 2050 1715; x_wconf 84' lang='lat' dir='ltr'>instaurata</span> <span class='ocrx_word' id='word_1_118' title='bbox 2079 1656 2100 1687; x_wconf 80' lang='lat'><strong>³</strong></span> 
     </span>
     <span class='ocr_line' id='line_1_17' title="bbox 212 1742 2095 1820; baseline 0.002 -20"><span class='ocrx_word' id='word_1_119' title='bbox 212 1757 332 1801; x_wconf 83' lang='lat' dir='ltr'>esse</span> <span class='ocrx_word' id='word_1_120' title='bbox 376 1742 690 1802; x_wconf 88' lang='lat' dir='ltr'>videatur.</span> <span class='ocrx_word' id='word_1_121' title='bbox 743 1742 928 1801; x_wconf 90' lang='lat' dir='ltr'>Illam</span> <span class='ocrx_word' id='word_1_122' title='bbox 967 1743 1272 1820; x_wconf 89' lang='lat' dir='ltr'>priorem,</span> <span class='ocrx_word' id='word_1_123' title='bbox 1326 1760 1466 1819; x_wconf 80' lang='lat' dir='ltr'>quae</span> <span class='ocrx_word' id='word_1_124' title='bbox 1509 1742 1675 1803; x_wconf 83' lang='lat' dir='ltr'>facta</span> <span class='ocrx_word' id='word_1_125' title='bbox 1710 1749 1808 1804; x_wconf 88' lang='lat' dir='ltr'>est</span> <span class='ocrx_word' id='word_1_126' title='bbox 1850 1744 1916 1803; x_wconf 94' lang='lat' dir='ltr'>in</span> <span class='ocrx_word' id='word_1_127' title='bbox 1960 1761 2095 1817; x_wconf 65' lang='grc' dir='ltr'>θος,</span> 
     </span>
     <span class='ocr_line' id='line_1_18' title="bbox 212 1831 2099 1911; baseline 0.002 -21"><span class='ocrx_word' id='word_1_128' title='bbox 212 1831 305 1907; x_wconf 91' lang='lat' dir='ltr'>qui</span> <span class='ocrx_word' id='word_1_129' title='bbox 330 1850 509 1892; x_wconf 88' lang='lat' dir='ltr'>arma</span> <span class='ocrx_word' id='word_1_130' title='bbox 544 1848 773 1909; x_wconf 87' lang='lat' dir='ltr'>capere</span> <span class='ocrx_word' id='word_1_131' title='bbox 783 1835 1167 1909; x_wconf 86' lang='lat' dir='ltr'>potuerunt,</span> <span class='ocrx_word' id='word_1_132' title='bbox 1194 1833 1410 1891; x_wconf 88' lang='lat' dir='ltr'>tamen</span> <span class='ocrx_word' id='word_1_133' title='bbox 1442 1835 1702 1892; x_wconf 88' lang='lat' dir='ltr'>senatus</span> <span class='ocrx_word' id='word_1_134' title='bbox 1722 1834 1744 1868; x_wconf 71' lang='lat'>¹*</span> <span class='ocrx_word' id='word_1_135' title='bbox 1770 1834 2099 1911; x_wconf 87' lang='lat' dir='ltr'>suscipere</span> 
     </span>
     <span class='ocr_line' id='line_1_19' title="bbox 210 1920 2102 2000; baseline 0.003 -23"><span class='ocrx_word' id='word_1_136' title='bbox 210 1920 417 1993; x_wconf 88' lang='lat' dir='ltr'>noluit,</span> <span class='ocrx_word' id='word_1_137' title='bbox 444 1939 523 1982; x_wconf 90' lang='lat' dir='ltr'>ne</span> <span class='ocrx_word' id='word_1_138' title='bbox 557 1920 715 1998; x_wconf 89' lang='lat' dir='ltr'>quid</span> <span class='ocrx_word' id='word_1_139' title='bbox 747 1920 984 1993; x_wconf 82' lang='lat' dir='ltr'>acriuS,</span> <span class='ocrx_word' id='word_1_140' title='bbox 1016 1936 1212 1997; x_wconf 89' lang='lat' dir='ltr'>quam</span> <span class='ocrx_word' id='word_1_141' title='bbox 1243 1938 1425 1981; x_wconf 84' lang='lat' dir='ltr'>more</span> <span class='ocrx_word' id='word_1_142' title='bbox 1448 1922 1774 1998; x_wconf 87' lang='lat' dir='ltr'>majorum</span> <span class='ocrx_word' id='word_1_143' title='bbox 1793 1926 1813 1958; x_wconf 68' lang='lat'>‘⁰’</span> <span class='ocrx_word' id='word_1_144' title='bbox 1844 1941 2102 2000; x_wconf 89' lang='lat' dir='ltr'>compa-</span> 
     </span>
     <span class='ocr_line' id='line_1_20' title="bbox 212 2009 2101 2089; baseline 0.002 -20"><span class='ocrx_word' id='word_1_145' title='bbox 212 2015 402 2072; x_wconf 87' lang='lat' dir='ltr'>ratum</span> <span class='ocrx_word' id='word_1_146' title='bbox 433 2016 551 2087; x_wconf 87' lang='lat' dir='ltr'>est,</span> <span class='ocrx_word' id='word_1_147' title='bbox 591 2010 854 2089; x_wconf 89' lang='lat' dir='ltr'>publico</span> <span class='ocrx_word' id='word_1_148' title='bbox 892 2009 1162 2071; x_wconf 88' lang='lat' dir='ltr'>consilio</span> <span class='ocrx_word' id='word_1_149' title='bbox 1213 2009 1456 2072; x_wconf 86' lang='lat' dir='ltr'>factum</span> <span class='ocrx_word' id='word_1_150' title='bbox 1514 2011 1881 2086; x_wconf 81' lang='lat' dir='ltr'>videretur3</span> <span class='ocrx_word' id='word_1_151' title='bbox 1936 2013 2101 2074; x_wconf 89' lang='lat' dir='ltr'>hanc</span> 
     </span>
     <span class='ocr_line' id='line_1_21' title="bbox 211 2101 2102 2186; baseline 0.002 -27"><span class='ocrx_word' id='word_1_152' title='bbox 211 2117 365 2176; x_wconf 79' lang='lat' dir='ltr'>vem,</span> <span class='ocrx_word' id='word_1_153' title='bbox 398 2119 540 2178; x_wconf 79' lang='lat' dir='ltr'>quae</span> <span class='ocrx_word' id='word_1_154' title='bbox 571 2101 648 2160; x_wconf 90' lang='lat' dir='ltr'>ad</span> <span class='ocrx_word' id='word_1_155' title='bbox 676 2118 906 2186; x_wconf 81' lang='lat' dir='ltr'>eorum</span> <span class='ocrx_word' id='word_1_156' title='bbox 930 2101 1171 2161; x_wconf 90' lang='lat' dir='ltr'>liberos</span> <span class='ocrx_word' id='word_1_157' title='bbox 1188 2109 1378 2178; x_wconf 86' lang='lat' dir='ltr'>atque</span> <span class='ocrx_word' id='word_1_158' title='bbox 1403 2101 1481 2162; x_wconf 90' lang='lat' dir='ltr'>ad</span> <span class='ocrx_word' id='word_1_159' title='bbox 1507 2102 1853 2163; x_wconf 87' lang='lat' dir='ltr'>infantium</span> <span class='ocrx_word' id='word_1_160' title='bbox 1869 2120 2102 2181; x_wconf 90' lang='lat' dir='ltr'>puero-</span> 
     </span>
     <span class='ocr_line' id='line_1_22' title="bbox 213 2191 2103 2269; baseline 0.002 -19"><span class='ocrx_word' id='word_1_161' title='bbox 213 2207 340 2250; x_wconf 87' lang='lat' dir='ltr'>rum</span> <span class='ocrx_word' id='word_1_162' title='bbox 380 2191 770 2268; x_wconf 75' lang='lat' dir='ltr'>incunabula</span> <span class='ocrx_word' id='word_1_163' title='bbox 811 2191 1112 2269; x_wconf 85' lang='lat' dir='ltr'>pertinet,</span> <span class='ocrx_word' id='word_1_164' title='bbox 1177 2191 1306 2251; x_wconf 87' lang='lat' dir='ltr'>nisi</span> <span class='ocrx_word' id='word_1_165' title='bbox 1363 2191 1488 2251; x_wconf 89' lang='lat' dir='ltr'>hoc</span> <span class='ocrx_word' id='word_1_166' title='bbox 1535 2191 1781 2268; x_wconf 86' lang='lat' dir='ltr'>judicio</span> <span class='ocrx_word' id='word_1_167' title='bbox 1837 2210 1875 2253; x_wconf 93' lang='lat' dir='ltr'>a</span> <span class='ocrx_word' id='word_1_168' title='bbox 1920 2193 2103 2253; x_wconf 87' lang='lat' dir='ltr'>vobis</span> 
     </span>
     <span class='ocr_line' id='line_1_23' title="bbox 214 2279 2188 2358; baseline 0.004 -23"><span class='ocrx_word' id='word_1_169' title='bbox 214 2279 460 2355; x_wconf 87' lang='lat' dir='ltr'>rejicitis</span> <span class='ocrx_word' id='word_1_170' title='bbox 494 2284 557 2340; x_wconf 94' lang='lat' dir='ltr'>et</span> <span class='ocrx_word' id='word_1_171' title='bbox 587 2280 1054 2357; x_wconf 89' lang='lat' dir='ltr'>aspernamini,</span> <span class='ocrx_word' id='word_1_172' title='bbox 1089 2280 1325 2354; x_wconf 87' lang='lat' dir='ltr'>videte,</span> <span class='ocrx_word' id='word_1_173' title='bbox 1354 2298 1468 2358; x_wconf 92' lang='lat' dir='ltr'>per</span> <span class='ocrx_word' id='word_1_174' title='bbox 1491 2280 1648 2339; x_wconf 92' lang='lat' dir='ltr'>deos</span> <span class='ocrx_word' id='word_1_175' title='bbox 1676 2281 2103 2354; x_wconf 83' lang='lat' dir='ltr'>immortaleS,</span> <span class='ocrx_word' id='word_1_176' title='bbox 2182 2336 2188 2342; x_wconf 88' lang='lat'><strong>.</strong></span> 
     </span>
     <span class='ocr_line' id='line_1_24' title="bbox 217 2365 2102 2448; baseline 0.001 -20"><span class='ocrx_word' id='word_1_177' title='bbox 217 2385 391 2444; x_wconf 89' lang='lat' dir='ltr'>quem</span> <span class='ocrx_word' id='word_1_178' title='bbox 423 2370 487 2429; x_wconf 90' lang='lat' dir='ltr'>in</span> <span class='ocrx_word' id='word_1_179' title='bbox 518 2370 739 2430; x_wconf 90' lang='lat' dir='ltr'>locum</span> <span class='ocrx_word' id='word_1_180' title='bbox 770 2386 909 2429; x_wconf 89' lang='lat' dir='ltr'>rem</span> <span class='ocrx_word' id='word_1_181' title='bbox 940 2370 1268 2447; x_wconf 86' lang='lat' dir='ltr'>publicam</span> <span class='ocrx_word' id='word_1_182' title='bbox 1317 2373 1775 2446; x_wconf 86' lang='lat' dir='ltr'>perventuram</span> <span class='ocrx_word' id='word_1_183' title='bbox 1813 2365 2102 2448; x_wconf 81' lang='lat' dir='ltr'>putetis‘!</span> 
     </span>
     <span class='ocr_line' id='line_1_25' title="bbox 216 2457 2109 2537; baseline 0.003 -23"><span class='ocrx_word' id='word_1_184' title='bbox 216 2458 336 2519; x_wconf 76' lang='lat'><strong>154.</strong></span> <span class='ocrx_word' id='word_1_185' title='bbox 371 2460 681 2519; x_wconf 91' lang='lat' dir='ltr'>Homines</span> <span class='ocrx_word' id='word_1_186' title='bbox 713 2459 1061 2537; x_wconf 83' lang='lat' dir='ltr'>sapienteS,</span> <span class='ocrx_word' id='word_1_187' title='bbox 1097 2464 1161 2520; x_wconf 84' lang='lat' dir='ltr'>et</span> <span class='ocrx_word' id='word_1_188' title='bbox 1194 2460 1319 2518; x_wconf 86' lang='lat' dir='ltr'>ista</span> <span class='ocrx_word' id='word_1_189' title='bbox 1351 2460 1725 2519; x_wconf 88' lang='lat' dir='ltr'>auctoritate</span> <span class='ocrx_word' id='word_1_190' title='bbox 1747 2461 1767 2494; x_wconf 82' lang='lat'><strong>⁶</strong></span> <span class='ocrx_word' id='word_1_191' title='bbox 1799 2464 1861 2519; x_wconf 88' lang='lat' dir='ltr'>et</span> <span class='ocrx_word' id='word_1_192' title='bbox 1890 2457 2109 2537; x_wconf 88' lang='lat' dir='ltr'>potes-</span> 
     </span>
     <span class='ocr_line' id='line_1_26' title="bbox 214 2548 2108 2626; baseline 0.003 -23"><span class='ocrx_word' id='word_1_193' title='bbox 214 2549 323 2607; x_wconf 85' lang='lat' dir='ltr'>tate</span> <span class='ocrx_word' id='word_1_194' title='bbox 349 2548 674 2626; x_wconf 81' lang='lat' dir='ltr'>proeditOS.</span> <span class='ocrx_word' id='word_1_195' title='bbox 713 2566 840 2625; x_wconf 88' lang='lat' dir='ltr'>qua</span> <span class='ocrx_word' id='word_1_196' title='bbox 867 2565 984 2608; x_wconf 84' lang='lat' dir='ltr'>vos</span> <span class='ocrx_word' id='word_1_197' title='bbox 1007 2548 1188 2614; x_wconf 86' lang='lat' dir='ltr'>estis,</span> <span class='ocrx_word' id='word_1_198' title='bbox 1222 2565 1298 2608; x_wconf 86' lang='lat' dir='ltr'>ex</span> <span class='ocrx_word' id='word_1_199' title='bbox 1328 2549 1563 2626; x_wconf 89' lang='lat' dir='ltr'>quibus</span> <span class='ocrx_word' id='word_1_200' title='bbox 1594 2549 1790 2609; x_wconf 90' lang='lat' dir='ltr'>rebus</span> <span class='ocrx_word' id='word_1_201' title='bbox 1827 2548 2108 2609; x_wconf 82' lang='lat' dir='ltr'>maxime</span> 
     </span>
     <span class='ocr_line' id='line_1_27' title="bbox 215 2637 2110 2714; baseline 0.003 -22"><span class='ocrx_word' id='word_1_202' title='bbox 215 2651 302 2695; x_wconf 85' lang='lat' dir='ltr'>res</span> <span class='ocrx_word' id='word_1_203' title='bbox 325 2638 585 2714; x_wconf 89' lang='lat' dir='ltr'>publica</span> <span class='ocrx_word' id='word_1_204' title='bbox 613 2638 885 2709; x_wconf 86' lang='lat' dir='ltr'>laborat,</span> <span class='ocrx_word' id='word_1_205' title='bbox 919 2637 999 2697; x_wconf 87' lang='lat' dir='ltr'>iis</span> <span class='ocrx_word' id='word_1_206' title='bbox 1023 2637 1307 2697; x_wconf 83' lang='lat' dir='ltr'>maxime</span> <span class='ocrx_word' id='word_1_207' title='bbox 1330 2637 1575 2698; x_wconf 90' lang='lat' dir='ltr'>mederi</span> <span class='ocrx_word' id='word_1_208' title='bbox 1603 2638 1925 2698; x_wconf 85' lang='lat' dir='ltr'>convenit.</span> <span class='ocrx_word' id='word_1_209' title='bbox 1960 2639 2110 2697; x_wconf 92' lang='lat' dir='ltr'>Ves-</span> 
     </span>
     <span class='ocr_line' id='line_1_28' title="bbox 215 2725 2107 2806; baseline 0.003 -24"><span class='ocrx_word' id='word_1_210' title='bbox 215 2725 370 2785; x_wconf 86' lang='lat' dir='ltr'>trum</span> <span class='ocrx_word' id='word_1_211' title='bbox 396 2744 590 2786; x_wconf 90' lang='lat' dir='ltr'>nemo</span> <span class='ocrx_word' id='word_1_212' title='bbox 632 2731 749 2802; x_wconf 84' lang='lat' dir='ltr'>est,</span> <span class='ocrx_word' id='word_1_213' title='bbox 786 2727 943 2805; x_wconf 89' lang='lat' dir='ltr'>quin</span> <span class='ocrx_word' id='word_1_214' title='bbox 992 2727 1322 2806; x_wconf 83' lang='lat' dir='ltr'>intellegat</span> <span class='ocrx_word' id='word_1_215' title='bbox 1360 2728 1678 2805; x_wconf 89' lang='lat' dir='ltr'>populum</span> <span class='ocrx_word' id='word_1_216' title='bbox 1718 2728 2107 2798; x_wconf 86' lang='lat' dir='ltr'>Romanum,</span> 
     </span>
     <span class='ocr_line' id='line_1_29' title="bbox 219 2814 2105 2892; baseline 0.001 -20"><span class='ocrx_word' id='word_1_217' title='bbox 219 2814 315 2887; x_wconf 86' lang='lat' dir='ltr'>qui</span> <span class='ocrx_word' id='word_1_218' title='bbox 363 2814 683 2892; x_wconf 88' lang='lat' dir='ltr'>quondam</span> <span class='ocrx_word' id='word_1_219' title='bbox 723 2815 791 2873; x_wconf 91' lang='lat' dir='ltr'>in</span> <span class='ocrx_word' id='word_1_220' title='bbox 834 2816 1056 2875; x_wconf 91' lang='lat' dir='ltr'>hostes</span> <span class='ocrx_word' id='word_1_221' title='bbox 1106 2815 1530 2876; x_wconf 77' lang='lat' dir='ltr'>lenissimus⁷</span> <span class='ocrx_word' id='word_1_222' title='bbox 1593 2815 2105 2887; x_wconf 83' lang='lat' dir='ltr'>existimabatur,</span> 
     </span>
    </p>
   </div>
   <div class='ocr_carea' id='block_1_5' title="bbox 220 2981 2124 3457">
    <p class='ocr_par' dir='ltr' id='par_1_5' title="bbox 220 2981 2118 3196">
     <span class='ocr_line' id='line_1_30' title="bbox 262 2981 2116 3039; baseline 0.001 -17"><span class='ocrx_word' id='word_1_223' title='bbox 262 2983 297 3022; x_wconf 91' lang='grc'>1.</span> <span class='ocrx_word' id='word_1_224' title='bbox 324 2981 427 3024; x_wconf 79' lang='lat' dir='ltr'>Jure</span> <span class='ocrx_word' id='word_1_225' title='bbox 459 2982 656 3027; x_wconf 70' lang='lat' dir='ltr'>&#39;eo-ando.</span> <span class='ocrx_word' id='word_1_226' title='bbox 679 2985 718 3026; x_wconf 90' lang='lat' dir='ltr'>Il</span> <span class='ocrx_word' id='word_1_227' title='bbox 749 2984 888 3039; x_wconf 74' lang='lat' dir='ltr'>s&#39;agit</span> <span class='ocrx_word' id='word_1_228' title='bbox 916 2983 979 3026; x_wconf 89' lang='lat' dir='ltr'>du</span> <span class='ocrx_word' id='word_1_229' title='bbox 1001 2995 1104 3027; x_wconf 89' lang='lat' dir='ltr'>ser·</span> <span class='ocrx_word' id='word_1_230' title='bbox 1213 2985 1336 3027; x_wconf 85' lang='lat' dir='ltr'>sulte</span> <span class='ocrx_word' id='word_1_231' title='bbox 1357 2984 1532 3028; x_wconf 85' lang='lat' dir='ltr'>n&#39;avait</span> <span class='ocrx_word' id='word_1_232' title='bbox 1552 2984 1702 3028; x_wconf 83' lang='lat' dir='ltr'>ratifie</span> <span class='ocrx_word' id='word_1_233' title='bbox 1730 2985 1777 3027; x_wconf 83' lang='lat' dir='ltr'>la</span> <span class='ocrx_word' id='word_1_234' title='bbox 1807 2985 1879 3025; x_wconf 71' lang='lat' dir='ltr'>lea:</span> <span class='ocrx_word' id='word_1_235' title='bbox 1907 2984 2116 3032; x_wconf 74' lang='lat' dir='ltr'>Cornelia</span> 
     </span>
     <span class='ocr_line' id='line_1_31' title="bbox 220 2998 2118 3094; baseline 0.003 -20"><span class='ocrx_word' id='word_1_236' title='bbox 220 3039 333 3078; x_wconf 79' lang='lat' dir='ltr'>ment</span> <span class='ocrx_word' id='word_1_237' title='bbox 379 2998 517 3079; x_wconf 47' lang='lat' dir='ltr'>ueies</span> <span class='ocrx_word' id='word_1_238' title='bbox 533 3037 671 3090; x_wconf 84' lang='lat' dir='ltr'>juges</span> <span class='ocrx_word' id='word_1_239' title='bbox 685 3038 772 3088; x_wconf 85' lang='lat' dir='ltr'><strong>(Cf.</strong></span> <span class='ocrx_word' id='word_1_240' title='bbox 791 3036 846 3079; x_wconf 88' lang='lat' dir='ltr'>In</span> <span class='ocrx_word' id='word_1_241' title='bbox 867 3037 1103 3091; x_wconf 69' lang='lat' dir='ltr'>Vev·r.,(1)‚</span> <span class='ocrx_word' id='word_1_242' title='bbox 1212 3037 1266 3079; x_wconf 82' lang='lat' dir='ltr'>de</span> <span class='ocrx_word' id='word_1_243' title='bbox 1311 3038 1654 3094; x_wconf 73' lang='lat' dir='ltr'>proscriptione.</span> <span class='ocrx_word' id='word_1_244' title='bbox 1703 3037 1898 3080; x_wconf 75' lang='lat' dir='ltr'>Ciceron</span> <span class='ocrx_word' id='word_1_245' title='bbox 1946 3048 2026 3080; x_wconf 89' lang='lat' dir='ltr'>ose</span> <span class='ocrx_word' id='word_1_246' title='bbox 2074 3038 2118 3080; x_wconf 91' lang='lat' dir='ltr'>le</span> 
     </span>
     <span class='ocr_line' id='line_1_32' title="bbox 220 3089 2118 3196; baseline 0.006 -17"><span class='ocrx_word' id='word_1_247' title='bbox 220 3089 954 3196; x_wconf 52' lang='lat' dir='ltr'>2¹12}&gt;⁴0131‘“rr·‘i{÷⁰32{&#39;‡e{⁰⁷22²{i²3‘r”33</span> <span class='ocrx_word' id='word_1_248' title='bbox 957 3098 1108 3188; x_wconf 57' lang='lat' dir='ltr'>‘hm-&#39;i‘</span> <span class='ocrx_word' id='word_1_249' title='bbox 1212 3091 1428 3189; x_wconf 48' lang='grc' dir='ltr'><em>Γὲρῐέῗέῗῖ</em></span> <span class='ocrx_word' id='word_1_250' title='bbox 1448 3090 1808 3188; x_wconf 38' lang='lat' dir='ltr'>affigamur..</span> <span class='ocrx_word' id='word_1_251' title='bbox 1828 3092 1910 3145; x_wconf 66' lang='lat'><em>‘¹¹¹³</em></span> <span class='ocrx_word' id='word_1_252' title='bbox 1931 3102 2118 3145; x_wconf 48' lang='grc' dir='ltr'>ΜΨ·</span> 
     </span>
    </p>

    <p class='ocr_par' dir='ltr' id='par_1_6' title="bbox 494 3156 1629 3189">
     <span class='ocr_line' id='line_1_33' title="bbox 494 3156 1629 3189; baseline 0.001 -3"><span class='ocrx_word' id='word_1_253' title='bbox 494 3156 518 3186; x_wconf 87' lang='lat' dir='ltr'>e</span> <span class='ocrx_word' id='word_1_254' title='bbox 696 3177 702 3183; x_wconf 84' lang='lat'><strong>.</strong></span> <span class='ocrx_word' id='word_1_255' title='bbox 998 3158 1066 3189; x_wconf 80' lang='lat' dir='ltr'>roi</span> <span class='ocrx_word' id='word_1_256' title='bbox 1095 3175 1104 3184; x_wconf 90' lang='lat'><strong>.</strong></span> <span class='ocrx_word' id='word_1_257' title='bbox 1214 3158 1234 3188; x_wconf 86' lang='lat' dir='ltr'>s</span> <span class='ocrx_word' id='word_1_258' title='bbox 1266 3158 1297 3187; x_wconf 90' lang='lat' dir='ltr'>n</span> <span class='ocrx_word' id='word_1_259' title='bbox 1422 3157 1461 3188; x_wconf 84' lang='lat' dir='ltr'>ri</span> <span class='ocrx_word' id='word_1_260' title='bbox 1498 3157 1529 3188; x_wconf 93' lang='lat' dir='ltr'>u</span> <span class='ocrx_word' id='word_1_261' title='bbox 1620 3177 1629 3187; x_wconf 88' lang='lat'><strong>.</strong></span> 
     </span>
    </p>

    <p class='ocr_par' dir='ltr' id='par_1_7' title="bbox 220 3155 2121 3307">
     <span class='ocr_line' id='line_1_34' title="bbox 262 3155 2121 3251; baseline 0.003 -16"><span class='ocrx_word' id='word_1_262' title='bbox 262 3196 297 3238; x_wconf 72' lang='lat'>2.</span> <span class='ocrx_word' id='word_1_263' title='bbox 327 3155 565 3238; x_wconf 52' lang='grc' dir='ltr'>Ρνοὸιῖιΐιινη</span> <span class='ocrx_word' id='word_1_264' title='bbox 593 3197 685 3237; x_wconf 68' lang='lat' dir='ltr'>suis</span> <span class='ocrx_word' id='word_1_265' title='bbox 718 3156 871 3251; x_wconf 46' lang='lat' dir='ltr'>faiam.</span> <span class='ocrx_word' id='word_1_266' title='bbox 909 3197 1106 3243; x_wconf 70' lang='lat' dir='ltr'>Ciceron</span> <span class='ocrx_word' id='word_1_267' title='bbox 1266 3203 1307 3240; x_wconf 78' lang='lat'>5.</span> <span class='ocrx_word' id='word_1_268' title='bbox 1338 3198 1467 3241; x_wconf 76' lang='lat' dir='ltr'>More</span> <span class='ocrx_word' id='word_1_269' title='bbox 1488 3200 1724 3243; x_wconf 77' lang='lat' dir='ltr'>ma&#39;orum.</span> <span class='ocrx_word' id='word_1_270' title='bbox 1753 3200 1866 3241; x_wconf 69' lang='lat' dir='ltr'>Voir</span> <span class='ocrx_word' id='word_1_271' title='bbox 1887 3198 1935 3240; x_wconf 80' lang='lat' dir='ltr'>la</span> <span class='ocrx_word' id='word_1_272' title='bbox 1958 3201 2066 3241; x_wconf 81' lang='lat' dir='ltr'>note</span> <span class='ocrx_word' id='word_1_273' title='bbox 2095 3198 2121 3242; x_wconf 83' lang='lat'><strong>3</strong></span> 
     </span>
     <span class='ocr_line' id='line_1_35' title="bbox 220 3213 1595 3307; baseline 0.005 -20"><span class='ocrx_word' id='word_1_274' title='bbox 220 3249 411 3303; x_wconf 84' lang='lat' dir='ltr'>rappelle</span> <span class='ocrx_word' id='word_1_275' title='bbox 445 3262 510 3292; x_wconf 85' lang='lat' dir='ltr'>un</span> <span class='ocrx_word' id='word_1_276' title='bbox 540 3249 596 3292; x_wconf 72' lang='lat' dir='ltr'>de</span> <span class='ocrx_word' id='word_1_277' title='bbox 627 3262 700 3294; x_wconf 82' lang='lat' dir='ltr'>ses</span> <span class='ocrx_word' id='word_1_278' title='bbox 732 3254 1011 3306; x_wconf 79' lang='lat' dir='ltr'>arguments</span> <span class='ocrx_word' id='word_1_279' title='bbox 1040 3255 1106 3296; x_wconf 89' lang='lat' dir='ltr'>les</span> <span class='ocrx_word' id='word_1_280' title='bbox 1214 3253 1340 3296; x_wconf 86' lang='lat' dir='ltr'>dela</span> <span class='ocrx_word' id='word_1_281' title='bbox 1393 3265 1479 3307; x_wconf 77' lang='lat' dir='ltr'>age</span> <span class='ocrx_word' id='word_1_282' title='bbox 1503 3213 1595 3296; x_wconf 49' lang='lat'>104.</span> 
     </span>
    </p>

    <p class='ocr_par' dir='ltr' id='par_1_8' title="bbox 235 3301 2123 3362">
     <span class='ocr_line' id='line_1_36' title="bbox 235 3301 2123 3362; baseline 0.003 -20"><span class='ocrx_word' id='word_1_283' title='bbox 235 3301 314 3362; x_wconf 60' lang='lat'>,¹9³</span> <span class='ocrx_word' id='word_1_284' title='bbox 342 3305 487 3346; x_wconf 82' lang='lat' dir='ltr'>forts:</span> <span class='ocrx_word' id='word_1_285' title='bbox 523 3305 741 3360; x_wconf 82' lang='lat' dir='ltr'>Roscius,</span> <span class='ocrx_word' id='word_1_286' title='bbox 777 3316 862 3359; x_wconf 81' lang='lat' dir='ltr'>par</span> <span class='ocrx_word' id='word_1_287' title='bbox 893 3317 946 3347; x_wconf 84' lang='lat' dir='ltr'>sa</span> <span class='ocrx_word' id='word_1_288' title='bbox 975 3310 1110 3349; x_wconf 76' lang='lat' dir='ltr'>vei-tu</span> <span class='ocrx_word' id='word_1_289' title='bbox 1270 3305 1311 3349; x_wconf 91' lang='grc'>6.</span> <span class='ocrx_word' id='word_1_290' title='bbox 1342 3336 1356 3346; x_wconf 68' lang='grc'><strong>.</strong></span> <span class='ocrx_word' id='word_1_291' title='bbox 1389 3307 1642 3356; x_wconf 69' lang='lat' dir='ltr'>actoritate.</span> <span class='ocrx_word' id='word_1_292' title='bbox 1676 3308 1790 3349; x_wconf 78' lang='lat' dir='ltr'>Voir</span> <span class='ocrx_word' id='word_1_293' title='bbox 1812 3306 1859 3348; x_wconf 86' lang='lat' dir='ltr'>la</span> <span class='ocrx_word' id='word_1_294' title='bbox 1881 3308 1987 3349; x_wconf 88' lang='lat' dir='ltr'>note</span> <span class='ocrx_word' id='word_1_295' title='bbox 2010 3306 2035 3348; x_wconf 87' lang='lat'><strong>3</strong></span> <span class='ocrx_word' id='word_1_296' title='bbox 2064 3307 2123 3348; x_wconf 86' lang='lat' dir='ltr'>de</span> 
     </span>
    </p>

    <p class='ocr_par' dir='ltr' id='par_1_9' title="bbox 221 3354 2124 3457">
     <span class='ocr_line' id='line_1_37' title="bbox 242 3354 1415 3457; baseline 0.004 -62"><span class='ocrx_word' id='word_1_297' title='bbox 242 3354 363 3415; x_wconf 25' lang='lat' dir='ltr'>vitale.</span> <span class='ocrx_word' id='word_1_298' title='bbox 385 3356 593 3400; x_wconf 77' lang='lat' dir='ltr'>meritait</span> <span class='ocrx_word' id='word_1_299' title='bbox 612 3357 809 3401; x_wconf 81' lang='lat' dir='ltr'>l&#39;estime</span> <span class='ocrx_word' id='word_1_300' title='bbox 829 3359 886 3401; x_wconf 89' lang='lat' dir='ltr'>de</span> <span class='ocrx_word' id='word_1_301' title='bbox 909 3361 1013 3403; x_wconf 88' lang='lat' dir='ltr'>tous</span> <span class='ocrx_word' id='word_1_302' title='bbox 1039 3361 1106 3402; x_wconf 77' lang='lat' dir='ltr'>les</span> <span class='ocrx_word' id='word_1_303' title='bbox 1216 3361 1326 3457; x_wconf 45' lang='lat' dir='ltr'>laq).</span> <span class='ocrx_word' id='word_1_304' title='bbox 1349 3359 1415 3403; x_wconf 76' lang='lat'>92.</span> 
     </span>
     <span class='ocr_line' id='line_1_38' title="bbox 221 3413 2124 3456; baseline 0.003 -7"><span class='ocrx_word' id='word_1_305' title='bbox 221 3417 350 3451; x_wconf 77' lang='lat' dir='ltr'>siens.</span> <span class='ocrx_word' id='word_1_306' title='bbox 1301 3444 1310 3454; x_wconf 92' lang='lat'><strong>.</strong></span> <span class='ocrx_word' id='word_1_307' title='bbox 1341 3413 1629 3454; x_wconf 73' lang='lat' dir='ltr'>Lenis-simus.</span> <span class='ocrx_word' id='word_1_308' title='bbox 1660 3415 1790 3456; x_wconf 89' lang='lat' dir='ltr'>Dans</span> <span class='ocrx_word' id='word_1_309' title='bbox 1829 3414 1873 3456; x_wconf 91' lang='lat' dir='ltr'>le</span> <span class='ocrx_word' id='word_1_310' title='bbox 1906 3414 2124 3456; x_wconf 80' lang='lat' dir='ltr'>discours</span> 
     </span>
    </p>
   </div>
   <div class='ocr_carea' id='block_1_6' title="bbox 222 3462 2125 3680">
    <p class='ocr_par' dir='ltr' id='par_1_10' title="bbox 222 3462 2125 3626">
     <span class='ocr_line' id='line_1_39' title="bbox 265 3462 2123 3521; baseline 0.002 -18"><span class='ocrx_word' id='word_1_311' title='bbox 265 3463 302 3502; x_wconf 89' lang='grc'>3.</span> <span class='ocrx_word' id='word_1_312' title='bbox 327 3462 604 3505; x_wconf 63' lang='lat' dir='ltr'>[instaurata.</span> <span class='ocrx_word' id='word_1_313' title='bbox 636 3464 900 3506; x_wconf 73' lang='lat' dir='ltr'>Iustam-are</span> <span class='ocrx_word' id='word_1_314' title='bbox 928 3465 1108 3519; x_wconf 84' lang='lat' dir='ltr'>(racine</span> <span class='ocrx_word' id='word_1_315' title='bbox 1252 3467 1335 3508; x_wconf 80' lang='lat' dir='ltr'>u&#39;il</span> <span class='ocrx_word' id='word_1_316' title='bbox 1375 3467 1502 3520; x_wconf 74' lang='lat' dir='ltr'>prete</span> <span class='ocrx_word' id='word_1_317' title='bbox 1546 3466 1574 3508; x_wconf 77' lang='lat' dir='ltr'>a</span> <span class='ocrx_word' id='word_1_318' title='bbox 1612 3466 1752 3508; x_wconf 76' lang='lat' dir='ltr'>Cesar</span> <span class='ocrx_word' id='word_1_319' title='bbox 1789 3466 2029 3521; x_wconf 76' lang='lat' dir='ltr'>(Catilina,</span> <span class='ocrx_word' id='word_1_320' title='bbox 2078 3468 2123 3519; x_wconf 85' lang='lat' dir='ltr'>L)</span> 
     </span>
     <span class='ocr_line' id='line_1_40' title="bbox 222 3478 2125 3576; baseline 0.005 -25"><span class='ocrx_word' id='word_1_321' title='bbox 222 3518 297 3576; x_wconf 63' lang='grc' dir='ltr'>πᾳ,</span> <span class='ocrx_word' id='word_1_322' title='bbox 318 3515 419 3559; x_wconf 72' lang='grc' dir='ltr'>ἀόίι</span> <span class='ocrx_word' id='word_1_323' title='bbox 453 3518 493 3561; x_wconf 87' lang='lat' dir='ltr'>le</span> <span class='ocrx_word' id='word_1_324' title='bbox 524 3518 665 3560; x_wconf 73' lang='lat' dir='ltr'>verbe</span> <span class='ocrx_word' id='word_1_325' title='bbox 694 3520 781 3571; x_wconf 71' lang='lat' dir='ltr'>sto)</span> <span class='ocrx_word' id='word_1_326' title='bbox 814 3518 996 3573; x_wconf 80' lang='lat' dir='ltr'>signifie</span> <span class='ocrx_word' id='word_1_327' title='bbox 1016 3519 1110 3562; x_wconf 79' lang='lat' dir='ltr'>eta·</span> <span class='ocrx_word' id='word_1_328' title='bbox 1196 3478 1424 3568; x_wconf 59' lang='lat' dir='ltr'>,galluste</span> <span class='ocrx_word' id='word_1_329' title='bbox 1492 3516 1748 3572; x_wconf 66' lang='lat' dir='ltr'>developpe</span> <span class='ocrx_word' id='word_1_330' title='bbox 1818 3521 1895 3562; x_wconf 90' lang='lat' dir='ltr'>lon</span> <span class='ocrx_word' id='word_1_331' title='bbox 1932 3522 2125 3561; x_wconf 86' lang='lat' dir='ltr'>uemeut</span> 
     </span>
     <span class='ocr_line' id='line_1_41' title="bbox 224 3566 2123 3626; baseline 0.003 -19"><span class='ocrx_word' id='word_1_332' title='bbox 224 3566 302 3609; x_wconf 82' lang='lat' dir='ltr'>blu·</span> <span class='ocrx_word' id='word_1_333' title='bbox 321 3573 366 3612; x_wconf 86' lang='lat' dir='ltr'>et</span> <span class='ocrx_word' id='word_1_334' title='bbox 387 3568 596 3614; x_wconf 75' lang='lat' dir='ltr'>retablir.</span> <span class='ocrx_word' id='word_1_335' title='bbox 1220 3576 1338 3615; x_wconf 87' lang='lat' dir='ltr'>cette</span> <span class='ocrx_word' id='word_1_336' title='bbox 1363 3572 1651 3616; x_wconf 82' lang='lat' dir='ltr'>affirmation</span> <span class='ocrx_word' id='word_1_337' title='bbox 1681 3573 1762 3626; x_wconf 86' lang='lat' dir='ltr'>qui</span> <span class='ocrx_word' id='word_1_338' title='bbox 1789 3575 1860 3614; x_wconf 83' lang='lat' dir='ltr'>est</span> <span class='ocrx_word' id='word_1_339' title='bbox 1920 3571 2123 3614; x_wconf 77' lang='lat' dir='ltr'>ementie</span> 
     </span>
    </p>

    <p class='ocr_par' dir='ltr' id='par_1_11' title="bbox 266 3620 1960 3680">
     <span class='ocr_line' id='line_1_42' title="bbox 266 3620 1960 3680; baseline 0.002 -17"><span class='ocrx_word' id='word_1_340' title='bbox 266 3620 301 3663; x_wconf 72' lang='lat'>4.</span> <span class='ocrx_word' id='word_1_341' title='bbox 333 3623 541 3666; x_wconf 77' lang='lat' dir='ltr'>Senatus.</span> <span class='ocrx_word' id='word_1_342' title='bbox 572 3626 740 3667; x_wconf 85' lang='lat' dir='ltr'>Aucun</span> <span class='ocrx_word' id='word_1_343' title='bbox 778 3624 1110 3670; x_wconf 78' lang='lat' dir='ltr'>senatus-con-</span> <span class='ocrx_word' id='word_1_344' title='bbox 1220 3637 1307 3680; x_wconf 87' lang='lat' dir='ltr'>par</span> <span class='ocrx_word' id='word_1_345' title='bbox 1335 3630 1461 3670; x_wconf 80' lang='lat' dir='ltr'>toute</span> <span class='ocrx_word' id='word_1_346' title='bbox 1482 3627 1712 3670; x_wconf 83' lang='lat' dir='ltr'>l&#39;histoire</span> <span class='ocrx_word' id='word_1_347' title='bbox 1731 3627 1960 3669; x_wconf 87' lang='lat' dir='ltr'>romaine.</span> 
     </span>
    </p>
   </div>
   <div class='ocr_carea' id='block_1_7' title="bbox 443 3821 454 3852">
    <p class='ocr_par' dir='ltr' id='par_1_12' title="bbox 443 3821 454 3852">
     <span class='ocr_line' id='line_1_43' title="bbox 443 3821 454 3852; baseline 0 0"><span class='ocrx_word' id='word_1_348' title='bbox 443 3821 454 3852; x_wconf 74' lang='grc'><strong>1</strong></span> 
     </span>
    </p>
   </div>
  </div>
 </body>
</html>
