2570 4026
818 273 890 315 LE
934 278 965 309 «
1013 273 1126 315 eno
1168 272 1219 314 L.
1269 272 1519 316 MURENA
1565 280 1594 310 »
2057 260 2173 317 325

262 425 506 466 manum
537 413 878 484 consertum
900 405 1149 478 vocasti,
1174 401 1316 463 inde
1340 403 1427 463 ibi
1453 424 1560 484 eqo
1590 412 1644 464 te
1669 425 1901 466 revocO.
1938 409 2178 468 Praetor

264 498 522 571 interea,
562 514 643 556 ne
697 495 1040 574 pulchrum
1093 512 1161 554 se
1222 512 1296 554 ac
1354 495 1615 553 beatum
1669 499 1943 572 putaret,
1988 500 2178 575 atque

266 585 508 662 aliquid
558 585 696 663 ipse
738 602 856 644 sua
908 589 1135 664 sponte
1189 583 1587 659 loqueretur,
1636 584 1693 643 ei
1741 603 1995 663 quoque
2045 605 2181 647 car-

266 691 418 734 men
442 675 458 707 ¹
502 673 941 751 compositum
972 671 1091 743 est,
1127 688 1275 730 cum
1304 672 1535 731 ceteris
1576 673 1769 731 rebus
1800 675 2177 751 absurdum,

268 767 406 822 tum
453 780 604 822 vero
654 763 720 820 in
768 759 881 820 illo
931 780 944 820 :
993 758 1139 820 Suis
1178 759 1452 840 utrisque
1491 760 1920 839 superstitibus
1955 764 1976 797 2
2017 784 2183 840 pree-

268 851 535 912 sentibus
581 851 762 911 istam
814 852 976 910 viam
1034 848 1169 909 dico
1221 869 1240 908 .·
1285 849 1370 908 ite
1428 850 1610 911 viam.
1669 853 1909 911 Praesto
1964 853 2182 915 aderat

271 943 529 1020 sapiens
585 942 715 1019 ille,
774 942 882 1018 qui
946 941 1105 999 inire
1165 941 1338 999 viani
1393 937 1671 1000 doceret.
1724 939 1942 1000 Redite
1995 943 2176 1003 viam.

271 1031 511 1091 Eodem
539 1031 700 1091 duce
732 1030 1047 1090 redibant.
1075 1031 1222 1088 Haec
1246 1029 1384 1104 jam
1412 1033 1549 1088 tum
1579 1030 1747 1106 apud
1781 1030 1926 1090 illos
1958 1032 2183 1093 barba-

242 1123 371 1196 tos
413 1119 705 1193 ridicula,
737 1117 951 1190 cred0,
986 1117 1368 1177 videbantur
1403 1135 1416 1175 :
1456 1117 1778 1190 homineS,
1818 1137 1968 1178 cum
2013 1127 2184 1181 recte

270 1212 457 1285 atque
497 1208 566 1266 in
613 1207 757 1266 loco
807 1203 1278 1272 constitissent,
1335 1204 1549 1281 juberi
1608 1205 1806 1277 abire,
1866 1210 1959 1275 ut,
2011 1208 2182 1267 unde

273 1298 582 1370 abissent,
603 1297 835 1357 eodem
858 1295 1077 1355 statim
1101 1294 1407 1354 redirent.
1432 1294 1670 1354 Iisdem
1692 1296 1953 1372 ineptiis
1971 1298 2182 1358 fucata

272 1390 424 1445 sunt
451 1386 562 1446 illa
592 1387 813 1446 omnia
846 1402 859 1443 :
897 1381 1158 1456 Quando
1194 1390 1249 1441 te
1281 1382 1514 1461 injure
1550 1386 1890 1463 conspicio,-
1923 1391 1985 1446 et
2003 1388 2174 1447 haec:

273 1473 441 1533 Anne
469 1481 550 1533 tu
585 1472 760 1547 dicte,
809 1492 933 1553 qua
972 1491 1045 1531 επ
1087 1487 1272 1530 causa
1320 1469 1774 1530 vindicaveris?
1820 1474 1972 1545 Quae
2027 1477 2183 1536 dum

275 1566 457 1624 erant
497 1565 769 1637 occulta,
831 1563 1199 1623 necessario
1254 1561 1332 1621 ab
1387 1562 1503 1635 eis,
1561 1563 1670 1639 qui
1725 1580 1799 1624 ea
1848 1565 2176 1638 tenebant,

276 1654 687 1730 petebantur3
712 1657 937 1730 postea
965 1669 1117 1711 vero
1144 1651 1538 1728 pervulgata,
1571 1657 1759 1729 atque
1788 1654 1855 1712 in
1885 1654 2186 1714 manibus

271 1744 507 1821 jactata
532 1748 595 1803 et
621 1760 914 1815 excussa,
943 1741 1327 1801 inanissima
1349 1741 1704 1818 prudentiae
1732 1748 1987 1821 reperta
2014 1750 2184 1818 sunt,

277 1833 536 1893 fraudis.
564 1836 779 1892 autem
812 1836 874 1891 et
902 1832 1190 1891 stultitiae
1229 1830 1644 1907 plenissima.

358 1951 455 2008 27.
504 1950 686 2025 Nam,
737 1965 888 2009 cum
943 1946 1265 2026 permulta
1314 1948 1616 2025 praeclare
1673 1948 1924 2026 legibus
1977 1955 2197 2021 essent

278 2039 648 2111 constituta,
707 2055 781 2097 ea
818 2036 963 2113 jure
1022 2037 1504 2096 consultorum3
1546 2038 1824 2115 ingeniis
1879 2041 2184 2117 pleraque

278 2132 577 2205 corrupta
602 2144 676 2186 ac
702 2126 1047 2203 depravata
1077 2122 1249 2185 su'nt.
1289 2125 1589 2185 Mulieres
1629 2138 1881 2201 omnes,
1923 2133 2189 2205 propter

277 2217 719 2289 infirmitatem
760 2215 1039 2291 consilii,
1082 2215 1365 2291 majores
1399 2215 1464 2272 in
1495 2219 1784 2274 tutorum
1808 2217 1830 2250 ⁴
1869 2219 2184 2293 potestate

279 2324 422 2367 esse
452 2307 828 2377 voluerunt3
862 2306 926 2363 hi
967 2305 1354 2367 invenerunt
1384 2321 1619 2381 genera
1649 2303 1669 2335 ⁵
1703 2310 2186 2382 tutorum,·quae

279 2400 594 2475 potestate
649 2395 1002 2455 mulierum
1061 2395 1568 2455 continerentur.
1629 2394 1823 2454 Sacra
1858 2397 1879 2429 ⁶
1929 2396 2192 2456 interire

282 2486 376 2547 illi
406 2486 785 2558 noluerunt3
817 2486 1053 2545 horum
1090 2485 1347 2562 ingenio
1381 2501 1567 2544 senes
1602 2484 1682 2543 ad
1709 2486 2154 2562 coemptiones
2177 2487 2195 2521 ⁷

281 2577 632 2651 faciendaS‚
680 2576 1264 2637 interimendorum
1315 2592 1646 2634 sacrorum
1691 2593 1909 2648 causa,
1960 2577 2200 2654 reperti

336 2743 379 2789 1.
420 2746 624 2788 Car-men.
664 2744 733 2787 La
779 2743 986 2787 fol-mule
1029 2744 1180 2797 legale

282 2799 362 2852 (cs.
385 2799 646 2846 Tite-Live.
669 2800 713 2848 Ι,
739 2810 887 2840 xxxw
911 2812 920 2838 :
943 2798 1037 2839 Lesc
1079 2796 1184 2838 hm·-

283 2851 412 2894 rendi
458 2851 686 2905 carminis)
715 2854 761 2895 et
794 2853 927 2893 aussi
962 2853 1004 2893 le
1036 2852 1181 2894 chant

283 2916 376 2960 quc
400 2906 443 2949 le
465 2905 624 2946 tibicen
652 2906 817 2948 accom
854 2915 994 2960 agne.

333 2959 380 3001 2.
413 2958 751 3011 Superstitibecs.
836 2958 1072 3021 uperstites
1113 2969 1184 3011 sy-

283 3022 487 3067 nonyme
499 3011 757 3066 archa'ique
770 3013 816 3054 et
827 3013 948 3073 legal
961 3012 1017 3054 de
1030 3015 1179 3055 testea.

284 3069 581 3119 Remarqucr
635 3075 727 3118 que
783 3066 997 3115 ciceron,
1044 3063 1180 3118 apres

284 3121 417 3162 avoir
435 3114 526 3160 cite
557 3118 818 3160 lator-mule
841 3119 1100 3171 archa'ique
1118 3119 1182 3157 ire

282 3175 396 3214 viam
416 3172 481 3215 ou
505 3172 569 3213 ire
595 3174 666 3214 est
691 3172 825 3222 actis,
854 3172 936 3221 dit,
960 3172 1122 3225 quand
1150 3171 1181 3211 il

286 3238 334 3270 re
368 3225 487 3269 rend
508 3226 556 3268 la
575 3223 757 3278 parole,
785 3226 898 3267 inire
917 3227 1047 3265 viam.

336 3239 382 3323 Ξ.
405 3279 514 3320 Jure
560 3278 873 3319 consultorum.
923 3279 987 3321 Le
1034 3287 1189 3333 gram-

288 3334 493 3376 mairien
503 3332 751 3374 Charisius
769 3332 836 3384 (νο
848 3330 1009 3384 siecle)
1030 3333 1186 3375 blame

289 3384 489 3430 Ciceron
540 3385 721 3428 d'avoir
780 3381 993 3438 employe
1070 3387 1189 3427 cette

290 3440 440 3484 forme
471 3441 579 3493 plus
600 3448 705 3480 rare
731 3439 951 3492 quejuris
973 3438 1192 3478 consulto-

288 3505 401 3536 rum.
430 3494 470 3536 Il
501 3492 600 3539 doit
625 3491 669 3534 le
695 3491 815 3534 faire
846 3491 874 3533 a
894 3491 1110 3535 dessein.

342 3547 381 3591 4.
408 3547 636 3589 Tutor-um.
646 3545 868 3588 L'ancien
879 3544 1003 3587 droit
1012 3545 1198 3587 romain

1291 2743 1596 2796 plaeaitdans
1608 2755 1701 2787 une
1723 2743 1886 2788 tutelle
1903 2745 2192 2799 perpetuelle

1290 2799 1359 2840 les
1405 2797 1609 2841 femmes
1654 2795 1952 2840 considerees
1996 2810 2188 2842 comme

1290 2851 1660 2895 naturellement
1679 2853 1874 2906 sujcttes
1903 2851 1930 2893 a
1950 2863 2042 2895 une
2070 2851 2189 2895 irre-

1292 2902 1528 2947 mediable
1567 2906 1793 2948 faiblesse
1841 2905 2048 2959 d'esprit.
2074 2907 2190 2949 Voir

1292 2957 1340 2999 la
1365 2961 1473 3001 note
1493 2957 1522 3001 2
1543 2957 1599 3001 de
1630 2959 1679 3001 la
1698 2971 1740 3012 p.
1767 2957 1862 3001 259.

1346 3009 1388 3053 5.
1446 3010 1640 3056 Genera.
1705 3014 1808 3074 Ces·
1844 3014 2041 3062 tuteurs‚
2083 3012 2195 3056 d'un

1295 3074 1519 3107 nouveau
1621 3076 1747 3111 enre,
1798 3078 1893 3108 ima
1932 3067 2033 3108 ines
2087 3078 2205 3120 pour

1297 3119 1492 3159 tourner
1518 3118 1566 3160 la
1608 3121 1670 3168 oi,
1702 3116 1881 3162 etaient
1936 3131 1985 3161 es
2010 3122 2199 3162 tuteurs

1294 3170 1564 3213 fiduciairos
1580 3173 1769 3223 (tutores
1804 3173 2069 3228 fidite-larii),
2102 3174 2201 3216 dos—

1298 3222 1438 3267 titues
1465 3225 1525 3267 de
1547 3227 1675 3269 toute
1698 3223 1924 3270 autorite.

1349 3276 1387 3320 6.
1416 3278 1576 3321 Sacra.
1626 3280 1713 3323 Les
1758 3280 1997 3324 sacrifices
2031 3281 2195 3333 prives

1298 3330 1520 3393 devvaient
1554 3333 1653 3376 etre
1699 3331 1950 3377 continues
2000 3344 2086 3387 par
2133 3335 2203 3378 les

1308 3384 1547 3429 heritierS.

1357 3441 1402 3481 7.
1440 3440 1762 3492 coemptiones.
1798 3442 1862 3483 Le
1895 3442 2107 3496 mariage
2131 3442 2215 3495 qui

1304 3504 1353 3537 se
1384 3495 1624 3536 contracte
1646 3504 1731 3546 par
1766 3495 1813 3535 la
1844 3499 1979 3538 vente
2001 3495 2206 3538 simulee

1307 3548 1363 3589 de
1388 3546 1437 3588 la
1455 3548 1632 3589 femme
1655 3557 1717 3589 au
1752 3550 1894 3591 mari.

1877 3642 1939 3693 19
