2570 4026
453 329 485 358 κ
516 322 579 363 m
610 323 672 364 Μ.
715 317 1022 366 amomum
1051 321 1265 365 omno
1295 307 1626 364 PmmrPicA
1656 320 1814 363 ΝΟΝΑ
1844 328 1873 358 »
2005 306 2127 366 503

214 455 494 533 effigiem
520 457 536 490 ¹
581 473 838 517 morum
890 475 1189 530 suorum.
1235 451 1529 530 virtutis,=
1558 458 1956 527 constantiae,
1999 458 2130 534 pie-

17 509 22 582 *
212 545 385 620 tatis,
449 545 716 623 ingenii,
772 545 1006 620 filium,
1056 547 1245 623 cujus
1294 545 1508 605 luctus
1553 550 1662 604 aut
1710 545 1834 622 hoc
1882 545 2129 606 honore

216 637 454 707 vestm,
485 638 596 695 aut
618 634 801 694 nullo
836 636 1078 696 solacio
1118 635 1316 695 levari
1347 636 1579 712 potest.
2090 645 2093 650 ’

296 751 397 811 Vl.
446 752 542 810 13.
593 751 745 811 Mihi
782 757 998 812 autem
1026 752 1388 813 recordanti
1421 751 1555 816 Ser.
1590 750 1861 828 Sulpicii
1891 752 2131 813 multos

221 839 286 900 in
315 843 538 899 nostra
571 840 1005 901 familiaritate
1049 858 1410 914 sermoneS‚
1457 833 1692 918 gratior
1723 840 1818 899 illi
1855 839 2130 915 videtur,

220 930 273 989 si
307 930 416 1006 qui
450 932 548 990 est
578 946 809 990 sensus
834 931 857 963 ‘-’
891 931 954 989 in
990 935 1221 1004 morte,
1255 946 1432 989 aenea
1458 932 1673 989 statua
1698 929 1938 1004 futura,
1974 933 2036 991 et
2061 948 2137 990 ea

220 1017 562 1096 pedestris,
608 1036 805 1096 quam
851 1021 1146 1079 inaurata
1174 1019 1516 1096 equestris»,
1563 1018 1774 1095 qualis
1845 1020 1913 1078 L.
1945 1019 2134 1080 Sullae

220 1108 505 1184 primum
558 1112 795 1167 statuta
853 1112 971 1168 est.
1009 1108 1271 1168 Mirifice
1306 1108 1479 1170 enim
1511 1107 1772 1167 Servius
1811 1108 2137 1185 majorum

221 1196 691 1257 continentiam
762 1198 1092 1275 diligebat,
1170 1197 1282 1274 huj
1297 1214 1374 1257 us
1437 1197 1657 1256 saeculi
1721 1197 2135 1258 insolentiam

218 1286 648 1363 vituperabat.
681 1288 760 1346 Ut
796 1288 992 1363 igitur
1033 1288 1086 1346 si
1121 1288 1338 1363 ipsum
1366 1286 1730 1361 consulam,
1767 1287 1923 1362 quid
1956 1286 2129 1358 velit,

220 1371 328 1434 sic‘
374 1374 743 1450 pedestrem
798 1392 878 1435 ex
931 1391 1056 1435 aere
1111 1380 1416 1447 statuam,
1487 1379 1797 1451 tanquam
1855 1392 1932 1434 ex
1994 1375 2136 1451 ejus

217 1464 602 1525 auctoritate
648 1468 711 1524 et
750 1464 1105 1537 voluntate,
1149 1463 1426 1524 decerno
1450 1465 1501 1536 3;
1538 1482 1679 1539 quae
1712 1464 1976 1541 quidem
2004 1480 2138 1522 ma-

220 1570 425 1632 gnum
465 1554 708 1613 civium
748 1552 1042 1613 dolorem
1084 1557 1146 1613 et
1186 1552 1585 1613 desiderium
1621 1553 1867 1613 honore
1898 1570 2138 1613 monu-

220 1644 423 1703 menti
456 1645 707 1703 minuet
742 1647 803 1702 et
831 1643 1050 1703 leniet.

294 1802 597 1883 L'orateur
638 1773 893 1859 termine
948 1820 1022 1859 en
1061 1803 1408 1874 presentant
1453 1819 1534 1857 un
1580 1803 1776 1874 projet
1823 1803 1894 1858 de
1940 1801 2140 1859 decret

220 1884 426 1956 redige
468 1884 937 1941 conformement
977 1884 1010 1939 a
1049 1885 1107 1939 la
1152 1884 1522 1956 proposition
1562 1884 1641 1940 du
1680 1884 1886 1939 consul
1925 1885 2134 1939 Pansa.

319 2111 553 2169 Texte
608 2113 704 2178 du
761 2108 1010 2181 projet
1058 2112 1147 2170 de
1205 2108 1463 2169 decret
1520 2122 1610 2168 en
1665 2110 2042 2168 l'honneur

924 2200 1013 2258 de
1056 2197 1507 2265 Sulpicius-⁴.

304 2382 436 2442 VII.
485 2380 655 2451 Quas
688 2381 768 2439 ob
799 2395 903 2441 res
938 2381 1024 2438 ita
1053 2395 1289 2439 censeo
1318 2395 1333 2438 ε
1365 2402 1396 2432 «
1432 2379 1591 2438 Cum
1623 2378 1757 2439 Ser.
1787 2379 2134 2456 Sulpiciae,

221 2473 293 2543 Q.
333 2473 427 2543 F..
456 2471 767 2531 Lemonia
791 2467 812 2502 ⁵
855 2469 1086 2541 Rufus,
1125 2467 1513 2528 difficillimo
1543 2469 1636 2528 rei
1667 2468 1943 2546 publicae
1979 2474 2141 2530 tem-

220 2578 381 2640 pore
404 2562 446 2635 ⁶,
476 2562 652 2638 gravi
683 2559 1187 2637 periculosoque
1239 2558 1468 2618 morbo
1515 2557 1804 2634 affectUS,
1863 2561 2140 2619 auctori-

274 2740 317 2784 1.
333 2736 568 2793 Effiqiem.
593 2739 753 2782 Tacite
775 2737 885 2783 s’est
907 2748 1125 2781 souvenu
1238 2748 1281 2792 p.
1308 2737 1400 2788 85).
1430 2737 1496 2780 Ici
1517 2741 1664 2781 terme
1683 2738 1748 2781 du
1771 2738 1889 2793 style
1909 2739 2139 2782 adminis-

218 2790 279 2836 de
325 2803 379 2835 ce
419 2802 622 2848 passage
658 2793 908 2848 (Amic-ola,
953 2792 1085 2843 xnvi)
1114 2804 1124 2831 :
1237 2790 1374 2834 tratis
1403 2804 1412 2831 :
1447 2788 1673 2835 decreter.

223 2847 350 2888 Ut...
379 2846 652 2899 formamque
684 2858 737 2887 ac
755 2847 948 2900 fiquram
985 2845 1129 2885 animi
1291 2843 1337 2888 4.
1367 2845 1427 2887 Ce
1454 2847 1580 2888 texte
1611 2845 1667 2888 de
1697 2846 1848 2902 projet
1881 2846 1937 2890 de
1981 2845 2141 2890 decret

216 2899 369 2954 mayis
389 2911 519 2952 quam
533 2899 730 2952 corporis
754 2899 1129 2953 conaeplectantm·;
1239 2910 1268 2940 a
1316 2909 1410 2942 une
1439 2898 1617 2960 grande
1658 2900 1952 2953 importance
1991 2900 2141 2943 histo-

215 2964 310 2995 non
338 2952 447 3007 quia
469 2951 827 2995 intercedendum
841 2956 993 3006 putem
1024 2952 1130 2992 ima-
1237 2952 1376 3007 rique
1408 2951 1483 2993 εἰΙ
1513 2951 1669 2996 donne
1699 2964 1758 2996 en
1785 2964 1871 2996 Son
1907 2953 2026 3007 style
2058 2953 2140 2996 ad·

214 3006 403 3060 (linibus
449 3017 543 3060 quae
567 3017 787 3047 marmore
813 3009 891 3047 aut
920 3018 1005 3047 aere
1051 3006 1132 3060 fin-
1239 3006 1522 3061 ministratis,
1529 3004 1612 3049 des
1627 3007 1781 3049 rensei
1852 3004 2144 3062 ementspre-

215 3064 413 3113 quntum
444 3058 536 3109 sed,
559 3063 608 3100 ut
631 3059 775 3100 vultus
796 3057 1035 3109 hominum,
1063 3058 1131 3100 ica
1239 3060 1380 3102 cieux
1424 3070 1507 3102 sur
1536 3059 1607 3103 les
1630 3058 1787 3102 forma
1808 3056 1895 3103 ites
1924 3061 2005 3114 qui
2068 3060 2140 3104 re·

213 3112 466 3155 simulacra
484 3112 629 3153 vultus
652 3113 871 3154 imbecilla
889 3125 942 3153 ac
964 3117 1131 3154 morta·
1240 3110 1461 3157 cedaient
1492 3114 1538 3155 et
1579 3112 1879 3167 preparaient
1918 3113 1986 3156 les
2048 3125 2145 3158 rec-

215 3167 287 3207 lia
316 3170 440 3215 sunt,
453 3167 602 3221 forma
621 3167 783 3207 mentis
811 3169 979 3208 aeterna
1000 3178 1132 3219 quam
1242 3166 1364 3208 tions
1389 3166 1447 3209 de
1465 3168 1642 3209 statues
1668 3178 1729 3209 au
1759 3177 1872 3209 nom
1908 3166 1963 3210 de
1986 3168 2031 3210 la
2054 3168 2143 3212 Re-

217 3225 375 3263 tenere
396 3224 440 3260 et
460 3220 705 3272 exprimere
725 3231 812 3261 non
831 3230 918 3271 per
935 3218 1133 3260 alienam
1240 3219 1371 3273 publi
1410 3229 1487 3263 ue.

216 3272 461 3314 materiam
503 3277 548 3313 et
589 3277 745 3322 artem,
783 3271 863 3313 sed
910 3274 999 3313 tuis
1039 3272 1133 3324 ipse
1293 3272 1340 3316 5.
1372 3231 1603 3315 gemonia.
1649 3273 1888 3328 Sulpicius
1936 3275 2146 3327 apparte-

213 3327 419 3367 mnribus
436 3326 609 3379 poesia.
1240 3327 1344 3369 nait
1392 3326 1420 3369 a
1453 3327 1500 3368 la
1528 3327 1653 3369 tribu
1702 3326 1859 3370 rurale
1888 3327 2138 3371 Lemonia.

271 3379 321 3423 2.
356 3378 537 3420 Sensus.
573 3381 689 3422 voit·
720 3379 767 3421 la
812 3383 919 3422 note
939 3378 967 3422 6
1004 3379 1059 3422 de
1085 3377 1133 3421 la
1242 3380 1369 3421 ainsi
1399 3380 1616 3422 nommee
1641 3379 1706 3421 du
1726 3393 1871 3433 payns
1894 3379 2142 3422 Lemonius.

219 3446 266 3489 p.
298 3432 401 3479 297.
461 3433 589 3476 Pour
614 3434 682 3476 les
725 3434 966 3476 doctrines
993 3433 1129 3486 spiri·
1241 3434 1399 3475 voisin
1420 3433 1477 3476 de
1502 3433 1549 3475 la
1570 3438 1708 3486 porta
1744 3436 1944 3487 Capena,
1972 3444 2033 3475 au
2067 3436 2105 3475 N
2114 3457 2147 3475 .-

219 3486 450 3537 tualistes
471 3486 526 3529 de
546 3487 763 3538 ciceron,
789 3488 892 3529 voir
912 3487 960 3528 la
975 3490 1085 3530 note
1107 3485 1130 3529 1
1243 3487 1298 3528 E.
1322 3485 1380 3529 de
1395 3489 1559 3530 Rome.

220 3542 281 3586 de
309 3541 360 3583 la
386 3550 434 3593 p.
472 3538 572 3586 298.
1296 3538 1341 3582 6.
1372 3539 1599 3593 Tempore.
1649 3540 1764 3582 Voir
1789 3540 1835 3582 la
1876 3550 1923 3583 n.
1960 3541 1977 3581 1
2018 3539 2149 3583 dela

275 3597 325 3636 3.
353 3593 693 3647 Decernatvoir
741 3593 793 3636 la
818 3595 927 3637 note
950 3593 977 3634 6
998 3592 1056 3636 de
1088 3592 1137 3634 la
1245 3602 1292 3646 p.
1321 3591 1422 3636 195.
