2570 4026
387 297 501 355 132
537 374 546 383 ,
1114 313 1218 359 Les
1268 308 1562 357 VERRINes

380 449 548 508 tium
592 465 888 514 numero
917 448 1293 517 existimati,
1330 449 1506 508 cives
1566 449 1831 508 Romani
1887 450 2187 509 servilem
2239 452 2319 511 in

390 537 659 605 modum
727 537 993 598 cruciati
1045 542 1108 597 et
1172 538 1411 610 necati,
1485 537 1786 597 homines
1853 539 2319 601 nocentissimi

388 632 651 704 propter
698 627 1009 705 pecunias
1035 627 1284 704 judicio
1319 627 1592 702 liberati,
1627 627 2074 688 honestissimi
2102 634 2317 706 ⁴atque

383 717 813 794 integerrimi,
849 717 1149 777 absentes
1172 717 1265 777 rei
1297 716 1473 786 facti,
1501 715 1741 776 indicta
1771 734 1967 777 causa
2020 717 2316 781 damnati

389 810 452 875 et
482 806 730 883 ejecti¹,
761 812 987 885 portus
1028 805 1478 879 munitissimi,
1498 806 1799 865 maximae
1832 807 2313 885 tutissimaeque

389 896 584 955 urbes
627 894 853 972 piratis
893 895 1443 973 praedonibusque
1489 895 1844 973 patefactae,
1889 902 2098 957 nautae
2137 897 2314 957 mili-

392 989 614 1061 tesque
669 984 1057 1059 Siculorum,
1123 984 1284 1045 socii
1343 985 1551 1043 nostri
1609 989 1800 1064 atque
1860 986 2074 1061 amici,
2133 986 2311 1049 fame

387 1076 623 1148 necati,
677 1075 923 1136 classes
974 1076 1233 1153 optimae
1284 1079 1477 1152 atque
1535 1077 2109 1152 opportunissimae
2154 1095 2313 1138 cum

388 1182 623 1247 magna
650 1164 1010 1243 ignominia
1037 1164 1265 1243 populi
1308 1164 1580 1224 Romani
1616 1165 1873 1225 amissae
1906 1169 1968 1225 et
2010 1167 2305 1243 perditae.

389 1256 484 1312 14.
515 1254 693 1314 Idem
725 1254 845 1314 iste
867 1258 1101 1332 praetor
1130 1258 1561 1315 monumenta
1581 1254 2042 1331 antiquissima
2070 1256 2311 1333 partim

384 1352 610 1419 regum
646 1343 1336 1420 locupletissimorum,
1390 1361 1532 1420 quae
1580 1343 1671 1402 illi
1705 1348 2091 1405 ornamento
2132 1345 2311 1405 urbi-

387 1432 510 1491 bus
540 1448 685 1493 esse
711 1432 1078 1506 voluerunt,
1112 1432 1346 1509 partim
1382 1431 1576 1491 etiam
1607 1437 1985 1493 nostrorum
2024 1433 2306 1511 impera-

389 1526 627 1594 torum,
665 1539 807 1598 quse
843 1522 1120 1582 victores
1152 1521 1519 1582 civitatibus
1549 1521 1784 1582 Siculis
1815 1526 1926 1582 aut
1957 1522 2302 1598 dederunt,

390 1615 501 1670 aut
546 1611 988 1686 reddiderunt,
1031 1612 1334 1690 spoliavit
1374 1611 1774 1690 nudavitque
1808 1612 2046 1674 omnia.
2084 1616 2308 1692 Neque

392 1700 518 1761 hoc
554 1701 769 1760 solum
818 1701 886 1760 in
930 1700 1160 1777 statuis
1212 1702 1746 1780 ornamentisque
1793 1702 2078 1778 publicis
2124 1703 2304 1778 fecit,

392 1788 506 1849 sed
546 1791 742 1852 etiam
789 1790 1062 1851 delubra
1115 1790 1354 1867 omnia,
1405 1789 1841 1850 sanctissimis
1876 1791 2308 1869 religionibus

392 1884 789 1955 consecrata,
842 1879 1259 1957 depeculatus
1296 1884 1414 1952 est,
1468 1879 1663 1940 deum
1721 1879 2000 1957 denique
2050 1881 2311 1942 nullum

390 1969 649 2040 Siculis,
707 1970 815 2048 qui
876 1970 933 2030 ei
988 1971 1180 2048 paulo
1233 1970 1445 2046 magis
1476 1969 1737 2031 affabre
1789 1975 1978 2047 atque
2039 1970 2308 2048 antiquo

385 2059 658 2120 artificio
701 2061 915 2119 factus
955 2059 1304 2132 videretur,
1339 2059 1624 2137 reliquit.
1673 2060 1742 2118 In
1774 2060 2017 2136 stupris
2057 2078 2210 2121 vero
2248 2068 2314 2122 et

385 2149 648 2225 flagitiis
684 2149 968 2209 nefarias
1000 2149 1141 2226 ejus
1171 2148 1478 2209 libidines
1511 2166 2030 2209 commemorare
2063 2151 2314 2227 pudore

385 2238 756 2312 deterreor3
842 2238 1037 2298 simul
1103 2239 1361 2297 illorum
1406 2227 1881 2299 calamitatem‘
1912 2257 2318 2300 commemo-

387 2328 587 2388 rando
623 2345 858 2405 augere
896 2328 1070 2402 nolO,
1107 2329 1346 2404 quibus
1381 2328 1622 2388 liberos
1666 2329 2110 2407 conjugesque
2154 2346 2308 2391 suas

388 2419 670 2497 integras
701 2419 778 2478 ab
826 2419 1018 2478 istius
1054 2418 1449 2495 petulantia2
1482 2435 1863 2479 conservare
1894 2436 2025 2478 non
2059 2419 2316 2480 licitum

387 2511 504 2566 est.
540 2509 636 2567 15.
670 2508 979 2583 ,Atenim
1002 2509 1022 2540 ³
1054 2508 1194 2568 haec
1235 2510 1324 2567 ita
1358 2507 1711 2568 commissa
1741 2511 1892 2567 sunt
1921 2508 1999 2567 ab
2047 2507 2195 2582 isto,
2241 2513 2318 2569 ut

389 2614 522 2656 non
554 2597 811 2672 cognita
838 2596 967 2656 sint
998 2597 1076 2656 ab
1110 2596 1441 2657 omnibus,
1476 2598 1829 2658 Hominem
1860 2614 2003 2658 esse
2034 2597 2317 2658 arbitror

388 2682 764 2754 neminem*
820 2686 930 2762 qui
980 2703 1223 2745 nomen
1289 2685 1479 2745 istius
1543 2685 1840 2758 audierit,
1915 2687 2075 2763 quin
2143 2687 2315 2747 facta

344 2792 648 2852 ‚quoque
686 2775 826 2852 ejus
887 2774 1131 2836 nefaria
1180 2792 1707 2836 commemorare
1752 2775 1982 2853 possit,
2025 2779 2097 2835 ut
2146 2777 2310 2836 mihi

386 2865 598 2941 magis
629 2863 995 2925 timendum
1019 2865 1122 2939 sit,
1156 2881 1237 2928 ne
1273 2864 1480 2924 multa
1509 2864 1788 2924 crimina
1818 2864 2311 2941 praetermittere

383 2971 579 3030 quam
635 2972 714 3014 ne
763 2971 890 3030 qua
941 2953 1007 3011 in
1050 2954 1251 3013 istum
1315 2955 1558 3030 fingere
1619 2952 2023 3014 existimer&
2090 2955 2313 3031 Neque

427 3112 1272 3169 1.Ejecti.Parexemplelleraclius.
1391 3112 1631 3155 demment
1682 3113 1877 3156 Ciceron
1923 3114 1980 3156 de
2022 3119 2311 3160 commettre

380 3170 493 3211 Voir
539 3168 802 3211 l'Affaire
858 3168 1269 3217 d’Heraelius,
1391 3167 1473 3210 des
1502 3167 1778 3209 omissions.
1807 3168 1844 3209 ΙΙ
1885 3178 1934 3210 se
1965 3168 2079 3211 renel
2115 3172 2305 3224 compte

382 3232 499 3275 page
519 3220 616 3265 165.
1392 3221 1638 3264 lui-meme
1666 3220 1791 3281 'qu’il
1833 3232 1892 3264 ne
1943 3231 2122 3275 pourra
2149 3223 2304 3266 fletrir

435 3276 477 3317 2.
498 3274 782 3319 Petulantia.
821 3277 937 3318 Voir
966 3275 1015 3317 la
1041 3277 1150 3317 note
1178 3273 1205 3318 3
1223 3273 1281 3317 de
1391 3276 1500 3317 tous
1517 3274 1585 3316 les
1607 3284 1779 3316 crlmes
1800 3273 1857 3315 de
1890 3275 2085 3324 Verres,
2112 3287 2302 3320 comme

390 3329 436 3371 la
462 3338 520 3381 pa
554 3340 578 3370 e
602 3327 671 3372 90.
1393 3328 1592 3370 Bossuet
1613 3337 1661 3370 sc
1692 3327 1877 3369 rendait
1898 3339 2003 3370 com
2041 3332 2084 3372 te
2104 3328 2218 3383 qu'il
2238 3340 2303 3373 -ne

440 3381 484 3425 3.
557 3382 722 3422 renim.
754 3382 1001 3436 Objection
1031 3392 1121 3435 que
1161 3377 1285 3423 Cice·
1397 3381 1609 3441 ponrrait
1649 3380 1781 3423 louet·
1812 3383 1967 3442 tontes
2023 3393 2072 3424 es
2112 3397 2135 3424 «
2177 3394 2302 3426 mer-

392 3446 478 3476 ron
499 3444 680 3527 81}er
702 3437 1074 3497 ironiquernent.
1182 3489 1189 3496 ·
1241 3487 1254 3529 l
1395 3433 1557 3495 veilles
1587 3447 1608 3474 »
1634 3432 1765 3494 dela
1784 3445 1868 3496 vie·
1889 3434 1945 3477 de
1970 3433 2124 3497 Conde
2147 3449 2215 3531 :dc
2244 3438 2303 3499 Et

394 3489 1220 3596 „0542432²?3'ssi2252'f4'122'²0”²·‘'⁰¹‘'
1260 3499 1289 3530 ³
1396 3497 1516 3583 3332
1548 3491 2298 3611 {¹13¹QAE151,0¹132¹‹2¹1·⁸;³⁶10{¹1¹3?1¹1¹-{:sitii

446 3596 489 3638 5.
527 3594 795 3638 [existimer.
822 3597 893 3638 On
928 3607 1157 3639 accusera
1196 3595 1290 3639 evi·
1396 3606 1521 3638 venu
1552 3606 1638 3649 par
1666 3606 1751 3638 vos
1769 3595 1988 3649 pensecs,
2010 3607 2025 3649 1
2045 3607 2181 3639 aurai
2213 3607 2300 3641 en-
