2570 4026
312 262 429 318 ,490
989 271 1094 315 Lus
1138 241 1543 321 rmurr'ionus

314 410 698 488 quaestorio¹
747 408 981 482 dicere,
1029 407 1300 486 ejusque
1341 407 1680 480 rationem,
1742 426 2221 489 quemcumque

315 500 762 578 magistratum
804 502 998 577 petet,
1033 498 1119 557 ita
1167 498 1411 578 haberi,
1443 498 1763 558 ut’haberi
1797 518 1910 576 per
1939 500 2112 577 leges
2156 500 2233 558 li-

315 593 506 661 ceret,
539 588 594 647 si
620 606 788 647 anno
822 588 1158 666 superiore
1185 592 1471 664 quaestor
1495 587 1747 648 fuisset.
1800 612 1827 642 »
1881 631 1886 636 .

394 690 492 746 47.
543 686 706 758 Quid
738 691 834 745 est
866 687 1066 759 enim,
1096 690 1310 762 patres
1343 686 1716 766 conscripti,
1752 705 1867 746 cur
1902 703 2054 747 eum
2090 704 2230 746 non

317 795 512 854 quam
530 778 814 853 primum
833 775 1280 852 amplissimos
1298 775 1581 835 honores
1599 771 1829 855 capere
1847 777 2189 854 cupiamus
2202 777 2230 833 *ἲ

316 867 595 943 Legibus
630 866 802 925 enim
832 864 1174 924 annalibus
1200 865 1220 897 ²
1249 882 1400 924 cum
1429 861 1845 941 grandiorem
1868 870 2120 926 aetatem
2154 863 2235 924 ad

318 956 727 1015 consulatum
767 953 1270 1026 constituebant,
1307 953 1761 1013 adulescentiae
1792 955 2231 1015 temeritatem

314 1043 705 1104 verebantur
721 1060 736 1115 ·‚
753 1043 816 1103 C.
836 1043 1045 1102 Caesar
1061 1042 1325 1104 ineunte
1344 1045 1525 1102 aetate
1543 1042 1871 1116 docuit,ab
1890 1042 2233 1103 excellenti

316 1132 682 1210 eximiaque
708 1133 943 1191 virtute
975 1148 1397 1209 progressum
1439 1132 1643 1190 aetatis
1668 1130 1689 1163 ³
1714 1131 2074 1209 exspectari
2100 1148 2238 1190 non

319 1228 656 1300 oportere..
699 1222 920 1299 Itaque
978 1222 1276 1306 majores!
1322 1221 1552 1295 nostri,
1613 1225 1866 1281 veteres
1937 1221 2056 1296 illi,
2121 1220 2237 1280 ad-

316 1313 587 1372 modum
633 1312 904 1388 antiqui3
959 1311 1140 1391 leges.
1178 1311 1441 1371 annales
1492 1328 1623 1370 non
1671 1311 2015 1384 habebant,
2064 1328 2234 1388 quas

316 1402 543 1460 multis
600 1405 748 1478 post
801 1401 987 1460 annis
1041 1401 1253 1460 attulit
1297 1400 1630 1477 ambitio&
1678 1406 1748 1462 ut
1793 1400 2030 1478 gradus
2061 1405 2241 1461 esset

317 1492 652 1567 petitionis
684 1491 850 1549 inter
880 1490 1181 1567 aequales.
1219 1491 1313 1549 Ita
1348 1508 1519 1566 saepe
1551 1508 1783 1567 magna
1827 1491 2077 1553 indoles
2104 1491 2236 1549 vir-

316 1581 496 1652 tutis,
526 1580 907 1657 priusquam
939 1580 1030 1638 rei
1059 1578 1338 1656 publicae
1360 1579 1666 1655 prodesse
1699 1580 2041 1657 potuisset,
2082 1595 2232 1640 exs-

318 1670 518 1729 tincta
549 1669 689 1729 fuit.
739 1671 837 1728 48.
872 1671 948 1728 At
978 1686 1129 1727 vero
1163 1668 1333 1745 apud
1372 1670 1697 1746 antiquOS‚
1744 1669 1914 1729 Rulli
1937 1666 1982 1743 ⁸,
2024 1669 2235 1745 Decii,

319 1760 593 1832 Corvini,
640 1758 963 1835 multique
1010 1759 1139 1832 alii,
1194 1759 1552 1820 recentiore
1607 1764 1827 1820 autem
1883 1760 2232 1835 memoria,

318 1850 613 1926 superior
644 1848 1012 1918 Africanus.
1043 1851 1107 1907 T.
1139 1848 1566 1923 FlamininUS,
1593 1849 1945 1909 admodum
1970 1849 2231 1910 adules-

318 1942 535 1998 centes
571 1938 875 1998 consules
917 1937 1092 2010 sacti,
1126 1941 1336 1996 tantas
1368 1955 1470 1998 res
1503 1942 1866 2017 gesserunt,
1900 1942 1968 1998 ut
2003 1939 2233 2019 populi

319 2029 589 2088 Romani
623 2029 974 2105 imperium
1020 2027 1337 2112 auxerint,
1372 2046 1615 2088 nomen
1665 2030 1972 2089 ornarint.
2022 2029 2237 2100 Quid?

321 2118 578 2177 Macedo
602 2117 981 2191 Alexander,
1009 2135 1158 2176 cum
1187 2119 1265 2177 ab
1291 2117 1554 2177 ineunte
1577 2122 1759 2179 aetate
1783 2136 1886 2179 res
1910 2116 2237 2178 maximas

318 2224 537 2284 gerere
569 2208 890 2285 coepisset,
926 2224 1141 2265 nonne
1172 2206 1362 2266 tertio
1394 2210 1455 2266 et
1484 2207 1814 2268 tricesimo
1847 2226 2013 2268 anno
2056 2225 2238 2268 mor-

319 2301 449 2355 tem
475 2297 677 2355 obiit‘?
709 2314 848 2373 quae
900 2298 998 2355 e'st
1029 2302 1178 2355 aetas
1222 2297 1464 2356 nostris
1496 2296 1749 2374 legibus
1783 2297 2005 2357 decem
2035 2298 2233 2358 annis

318 2387 555 2460 minor,
591 2404 788 2464 quam
820 2386 1208 2446 consularis.
1248 2388 1336 2444 Ex
1368 2404 1497 2463 quo
1524 2387 1802 2464 judicari
1834 2392 2067 2465 potest,
2104 2388 2267 2446 vir-v

317 2477 472 2536 tutis
505 2494 672 2550 esse,
709 2494 904 2554 quam
937 2477 1163 2546 aetam,
1201 2492 1468 2536 cursum
1501 2477 1906 2537 celeriorem.
1939 2536 1950 2552 .

399 2593 615 2653 XVIII.
651 2595 812 2652 Nam
844 2593 1016 2670 quod
1048 2592 1115 2665 ii,
1152 2594 1260 2670 qui
1292 2593 1521 2653 Caesari
1554 2593 1864 2667 invident,
1895 2591 2236 2669 simulant,

371 2754 409 2796 1.
442 2751 551 2793 Loco
575 2752 827 2806 quaestorio.
857 2751 920 2794 Le
942 2763 1061 2805 rang
1090 2750 1221 2794 d'ex-
1333 2751 1549 2794 consulat
1606 2749 1634 2794 a
1687 2749 2059 2806 quarante-trois
2116 2760 2232 2794 ans.

320 2810 561 2860 questeur.
594 2805 787 2860 Chaque
818 2801 1043 2848 senateur
1071 2805 1220 2858 prend
1383 2804 1423 2846 3.
1474 2805 1768 2857 I’royressum
1805 2805 1971 2847 aetatis.
2023 2804 2144 2849 C‘est
2190 2806 2237 2849 le

319 2872 404 2902 son
457 2870 576 2914 rang
627 2858 682 2902 de
723 2859 881 2912 parole
924 2862 969 2902 et
1011 2859 1066 2901 de
1115 2862 1220 2901 vote
1329 2870 1437 2901 vers
1485 2859 1679 2901 sarneux
1706 2858 1769 2901 du
1816 2858 1900 2900 Cid
1926 2871 1934 2898 :
1965 2858 2071 2900 Aux
2102 2860 2239 2903 ames

317 2912 500 2966 d’apres
542 2913 590 2955 la
632 2912 969 2966 magistratum
1028 2911 1140 2965 qu'il
1192 2923 1220 2954 a
1329 2912 1439 2954 bien
1464 2910 1597 2960 nees,
1634 2912 1681 2954 la
1709 2913 1876 2955 valeur
1905 2910 2112 2956 n'attend
2147 2924 2240 2966 pas

317 2966 526 3010 exercee.
573 2966 662 3008 Les
693 2977 808 3007 mss.
858 2967 941 3008 ont
977 2964 1213 3020 praecorm.
1329 2966 1373 3007 le
1392 2966 1589 3009 nombre
1610 2965 1693 3008 des
1714 2965 1910 3009 anneeS.

319 3020 586 3083 Nipperdey
609 3030 637 3061 a
657 3016 928 3073 conjecture
962 3018 1215 3072 quaestorio.
1381 3018 1424 3061 4.
1456 3018 1665 3061 Ambitio.
1702 3019 1771 3061 La
1789 3014 1978 3062 rivalite
1999 3021 2131 3062 entre
2161 3019 2236 3062 les

316 3070 536 3116 Assimilc
558 3085 586 3115 a
605 3083 726 3114 ceux
759 3074 839 3126 qui
867 3074 949 3115 ont
977 3072 1143 3115 exerce
1172 3072 1220 3113 la
1330 3072 1579 3115 candidats
1601 3073 1679 3127 qui
1702 3073 1928 3125 briguent
1946 3072 1988 3114 le
2004 3073 2235 3116 consulat

317 3131 561 3181 questum,
593 3127 785 3168 Octave.
816 3127 897 3180 qui
919 3125 995 3167 n'a
1014 3125 1219 3179 quedix-
1329 3125 1558 3177 (petitio).

317 3182 433 3222 neus
454 3191 540 3222 ans
574 3180 659 3233 (un
698 3185 921 3233 quesieur
947 3178 1045 3222 doit
1087 3180 1218 3220 avoir
1383 3182 1428 3221 5.
1471 3178 1610 3221 Rulli.
1665 3180 1719 3221 P.
1755 3178 1933 3221 Fabius
1982 3178 2236 3222 Maximus

318 3235 575 3287 vingt-sept
612 3243 724 3282 ans3
752 3234 855 3275 voir
884 3243 932 3286 p.
966 3233 1035 3282 1⁰,
1069 3243 1119 3275 n.
1150 3230 1211 3283 1).
1330 3232 1523 3282 Rullus,
1556 3233 1719 3275 consul
1750 3244 1808 3275 en
1850 3231 1941 3275 3⁹22.
1965 3254 2015 3260 ——
2054 3234 2237 3277 Decius

319 3298 425 3329 sera
470 3284 660 3340 eligible
713 3298 810 3328 aux
862 3287 1221 3341 magistratures
1327 3287 1451 3335 Mus,
1478 3287 1646 3328 consul
1680 3297 1743 3329 en
1763 3284 1863 3328 312.
1898 3309 1942 3315 ——
1982 3285 2050 3329 M.
2095 3287 2241 3330 Vale-

319 3336 637 3394 supcrieures,
661 3350 922 3382 commeun
973 3339 1220 3380 uas-storius.
1328 3340 1437 3381 rius·
1479 3340 1727 3387 Corvinus,
1763 3339 1929 3382 consul
1964 3349 2024 3381 en
2057 3339 2153 3382 348.
2182 3364 2239 3372 -

370 3396 409 3437 2.
437 3393 628 3445 Lenibus
662 3393 915 3434 annalibus.
994 3404 1022 3435 a
1046 3393 1117 3433 lez·
1138 3405 1219 3432 αη-
1330 3393 1599 3448 Scipiomle
1631 3394 1837 3446 premier
1853 3393 2088 3441 Africaiu,
2124 3404 2241 3437 con-

320 3448 438 3488 natis
466 3446 622 3500 portce
671 3456 729 3487 cn
763 3448 835 3489 180
856 3458 934 3489 av.
965 3446 1092 3490 J.—C.
1130 3456 1220 3499 par
1332 3446 1408 3487 sul
1461 3445 1487 3488 a
1530 3447 1800 3500 vingt-neus
1828 3457 1932 3491 ans,
1954 3456 2013 3489 cn
2054 3445 2152 3489 205.
2185 3471 2240 3480 -

319 3500 363 3541 le
390 3501 550 3542 tribun
571 3499 622 3540 L.
648 3498 822 3541 Villius
840 3498 962 3552 (voir
987 3500 1035 3542 la
1059 3503 1166 3542 note
1196 3501 1221 3540 5
1331 3500 1386 3539 Τ.
1416 3500 1731 3547 Flamininus,
1765 3500 1946 3548 consul,
1980 3510 2051 3548 ,en
2078 3500 2181 3550 198.
2210 3502 2239 3544 a

324 3552 379 3592 do
428 3553 542 3605 lap.
579 3551 674 3604 431)
724 3550 812 3594 fixe
857 3552 971 3606 vage
1005 3553 1127 3606 legal
1156 3552 1220 3597 du
1330 3555 1754 3595 trente-et-unans.
