2570 4026
690 321 798 365 ms
844 327 873 361 κ
924 321 1260 367 οΒΑΤιοΝΕε
1306 320 1447 367 Ροετ
1486 319 1755 369 nmmum
1785 325 1833 371 x»
1966 366 1970 370 .
2104 305 2221 365 379

300 455 647 529 voluisseS,
690 456 861 516 haud
911 455 1048 516 scio
1097 473 1179 514 an
1219 455 1435 515 vivere
1484 454 1696 526 nobiS,
1750 458 1941 531 atque
1991 454 2094 515 his
2145 456 2222 516 de

301 545 498 604 rebus
527 545 666 621 J‘am
697 545 880 622 queri
919 562 1054 609 non
1081 544 1326 609 lieeret.
1369 543 1479 607 Vis
1512 543 1689 608 enim
1726 543 2223 607 innumerabilis

301 634 566 694 incitata
604 652 682 694 ex
718 633 1024 694 omnibus
1061 633 1224 693 vicis
1270 634 1545 694 collecta
1590 650 1931 693 servorum
1974 634 2050 694 ab
2097 635 2264 695 hoc,

299 721 487 781 aedile
514 722 839 800 religioso,
869 726 1137 800 repente
1164 721 1524 781 fornicibus
1551 721 1865 798 ostiisque
1886 723 2217 797 omnihuS‚

300 814 366 873 in
387 828 693 888 somnam,
726 812 912 888 signo
944 811 1115 886 dato,
1141 811 1443 870 immissa
1460 810 1711 888 irrupit.
1742 811 1874 869 Tua
1892 814 2056 884 tum,
2084 815 2215 885 tua,

298 901 410 961 Cn.
441 901 728 972 Lentule,
765 900 992 960 eadem
1022 900 1226 960 virtus
1263 899 1405 971 fuit,
1444 917 1584 976 quae
1617 900 1685 960 in
1719 899 1969 976 privato
2011 917 2219 978 quon-

297 988 448 1050 dam
464 992 575 1048 tuo
597 1005 837 1072 proavo
858 1007 872 1063 ;
891 992 976 1062 te,
998 1006 1263 1060 nomen,
1291 989 1661 1073 imperium,
1682 1005 1933 1060 vocem,
1956 987 2219 1066 adspec-

295 1081 459 1151 tum,
489 1078 809 1155 impetum
839 1080 1028 1137 tuum
1053 1081 1232 1139 stans
1254 1082 1519 1138 senatus
1542 1078 1919 1154 equitesque
1942 1078 2217 1141 Romani

297 1171 360 1227 et
392 1184 618 1227 omnes
650 1167 804 1227 boni
837 1167 1295 1246 sequebantur,
1345 1184 1494 1227 oum
1544 1166 1652 1226 ille
1690 1184 2025 1227 servorum
2080 1168 2219 1226 elu-

299 1256 593 1316 dentium
623 1256 1027 1317 multitudini
1061 1260 1359 1317 senatum
1389 1257 1832 1335 populumque
1855 1258 2220 1317 Romanum

301 1346 588 1406 vinetum
642 1347 784 1424 ipso
839 1363 1178 1420 consessu,
1227 1350 1292 1407 et
1330 1347 1752 1411 constrictum
1808 1347 2217 1424 spectaculis,
2273 1349 2278 1357 '

297 1440 488 1514 atque
516 1437 899 1514 impeditum
933 1437 1122 1496 turba
1147 1439 1210 1495 et
1238 1435 1557 1512 angustiis
1585 1436 1976 1496 tradidisset.

379 1556 479 1628 23,
514 1554 724 1626 An,·si
754 1553 972 1614 ludius
995 1557 1013 1594 ¹
1040 1553 1352 1624 constitit,
1380 1557 1488 1616 aut
1510 1553 1749 1619 tibioen
1774 1560 2035 1630 repente
2066 1571 2221 1619 oon-

296 1643 502 1716 tieuit,
533 1647 644 1703 aut
673 1661 834 1720 puer
864 1643 973 1702 ille
1003 1644 1321 1720 patrimus
1351 1646 1416 1706 et
1449 1643 1791 1708 matrimus
1814 1641 1835 1677 ²
1880 1643 1934 1707 si
1968 1647 2219 1709 tensam

298 1751 431 1794 non
455 1734 682 1806 tenuit,
714 1734 768 1792 si
799 1734 1013 1793 lorum
1043 1733 1284 1804 omisit,
1331 1735 1460 1803 aut,
1514 1733 1569 1794 si
1619 1733 1824 1797 aedilis
1856 1734 2076 1805 verbe,
2112 1737 2221 1798 aut

299 1823 621 1901 simpuvio
647 1822 668 1859 θ’
708 1824 1047 1895 aberravit,
1082 1823 1218 1882 ludi
1261 1825 1414 1884 sunt
1460 1840 1588 1885 non
1639 1824 1758 1884 rite
1808 1823 1981 1895 facti,
2018 1841 2218 1901 eaque

295 1917 500 1974 errata
530 1915 888 1991 expiantur,
925 1916 988 1973 et
1015 1916 1271 1972 mentes
1304 1911 1576 1975 deorum
1607 1913 2077 1978 immortalium
2113 1913 2217 1972 lu-

297 2003 529 2064 dorum
561 2004 1029 2066 instauratione
1069 2001 1441 2080 placantur3
1475 2002 1530 2065 si
1571 2001 1705 2062 ludi
1755 2003 1832 2065 ab
1883 2003 2101 2069 laetitia
2139 2003 2219 2064 ad
2290 2064 2298 2072 ,

293 2098 540 2154 metum
569 2094 849 2153 traducti
881 2098 1054 2166 sunt,
1083 2094 1136 2152 si
1179 2110 1313 2152 non
1343 2094 1721 2165 intermissi,
1753 2093 1865 2156 sed
1900 2094 2218 2171 perempti

296 2186 485 2259 atque
517 2182 755 2241 sublati
788 2186 959 2253 sunt,
997 2182 1052 2241 si
1099 2181 1341 2241 civitati
1385 2183 1708 2247 universffi
1759 2181 2003 2247 scelere
2050 2182 2214 2259 ejus.

293 2273 400 2349 qui
426 2272 616 2331 ludos
649 2272 727 2333 ad
757 2272 1007 2332 luctum
1046 2270 1342 2332 conferre
1390 2273 1615 2343 voluit,
1652 2273 2037 2335 exstiterunt
2080 2272 2217 2334 dies

291 2360 384 2420 illi
429 2378 545 2437 pro
586 2360 771 2421 festis
817 2378 999 2437 paene
1055 2360 1321 2433 funesti,
1371 2361 1832 2432 dubitabimUS,
1884 2378 2047 2437 quos
2106 2360 2216 2424 ille

291 2449 591 2509 fremitus
619 2450 874 2509 nuntiet
899 2448 1089 2509 ludos
1122 2465 1264 2509 esse
1297 2449 1621 2526 pollutos?
1648 2451 1747 2512 24.
1783 2448 1896 2521 Ao,
1942 2449 1998 2513 si
2028 2448 2214 2509 volu-

288 2535 436 2599 mus
468 2557 564 2611 ea,
592 2556 735 2615 quas
767 2538 842 2599 de
875 2556 1132 2617 quoque
1164 2539 1284 2599 deo
1318 2540 1507 2599 nohis
1539 2539 1772 2601 tradita
1804 2545 1976 2610 sunt,
2003 2557 2215 2604 reeor-
2266 2549 2271 2555 ⁴

304 2628 468 2699 dari,
500 2627 668 2688 hano
691 2630 963 2690 Matrem
981 2646 1309 2705 magnam,
1336 2627 1528 2705 eujus
1550 2629 1684 2690 ludi
1710 2629 1957 2701 violati,
1979 2628 2211 2705 polluti

295 2734 481 2793 paene
535 2717 613 2776 ad
662 2717 904 2777 eaedem
937 2718 1103 2777 etad
1132 2717 1329 2776 funus
1366 2718 1645 2779 civitatis
1667 2716 1689 2750 ⁴
1732 2717 2029 2780 conversi
2061 2721 2213 2780 sunt

289 2806 479 2878 hane,
510 2806 798 2883 inquam,
837 2806 1232 2884 aoeepimuS,
1269 2824 1459 2883 agros
1492 2811 1554 2867 et
1578 2803 1848 2871 nemora
1878 2824 2026 2872 oum
2059 2824 2215 2883 quo-

291 2894 442 2954 dam
475 2896 750 2978 strepitu
784 2895 1178 2973 fremituque
1205 2912 1570 2973 peragrare.

341 3076 381 3121 1.
406 3078 589 3120 Luditw.
607 3078 884 3126 L’histrion.
903 3079 946 3122 le
964 3080 1189 3131 danseur,
1356 3079 1397 3123 3.
1433 3080 1535 3122 Sim*
1564 3082 1673 3123 avio.
1698 3083 1761 3125 Le
1786 3082 2046 3135 simpuvium
2068 3085 2141 3126 est
2173 3084 2218 3127 le

290 3131 424 3186 qui-fl
461 3143 547 3176 ure
573 3132 694 3175 dans
725 3133 795 3176 les
818 3131 914 3174 ludi
933 3134 1118 3187 publici.
1271 3168 1281 3179 .
1305 3144 1418 3178 vass
1441 3134 1504 3178 ou
1527 3094 1623 3178 {zon
1648 3138 1746 3179 met
1779 3135 1823 3178 le
1848 3136 1932 3179 vin
1963 3136 2048 3179 des
2073 3138 2217 3179 saeri-

341 3185 382 3231 2.
420 3144 652 3228 genev-inme
708 3191 752 3229 et
801 3188 1054 3228 matrimus.
1105 3188 1194 3229 Les
1307 3187 1436 3231 flces.
1779 3226 1781 3229 ,

291 3240 481 3282 enfants
510 3238 625 3281 dont
667 3240 711 3282 16
742 3239 852 3294 pere
882 3243 930 3284 et
977 3241 1026 3284 la
1068 3239 1196 3283 mere
1361 3242 1399 3283 4.
1426 3241 1581 3283 Funus
1606 3243 1817 3283 civitatis.
1846 3242 2083 3287 L'emeute
2096 3244 2221 3285 exei-

291 3295 397 3334 sont
416 3294 628 3343 vivantS‚
662 3293 731 3335 les
767 3294 898 3337 seuls
972 3295 1021 3337 ui
1067 3294 1198 3337 aient
1308 3293 1379 3337 teo
1404 3306 1489 3349 par
1508 3295 1701 3339 Clodius
1721 3296 1928 3349 pendant
1947 3297 1996 3338 la
2012 3295 2219 3339 celebra-

294 3346 337 3388 le
374 3344 498 3389 droit
525 3345 582 3389 de
619 3345 820 3401 prendre
859 3358 945 3401 par
999 3358 1092 3389 aux
1126 3359 1198 3389 sa·
1309 3347 1405 3389 tion
1460 3348 1544 3390 des
1606 3348 1704 3389 ludi
1750 3348 2038 3402 Meqalsnsen
2086 3350 2217 3392 avait

292 3398 488 3442 critices.
533 3399 601 3441 Gr.
643 3400 910 3450 Tite-Live‚
945 3401 1196 3450 XXXVII,
1309 3401 1434 3443 railli
1455 3401 1705 3444 entratner
1738 3404 1862 3444 mort
1890 3401 2149 3445 d’hommes
2171 3405 2217 3446 et

291 3463 360 3500 111,
389 3451 429 3494 6.
1310 3454 1652 3510 ensanglanter
1674 3455 1721 3497 la
1749 3454 1877 3498 ville.
