2570 4026
901 325 971 367 LE
1018 328 1046 361 «
1093 324 1207 367 PRo
1249 325 1303 367 L.
1350 326 1596 371 MURENA
1646 333 1674 364 »
2130 307 2248 365 329

330 460 641 521 traditum
671 460 1009 520 memoriae
1040 459 1162 539 est)
1188 477 1403 520 nonne
1433 478 1673 538 proavo
1704 464 1840 533 tuo,
1887 459 2247 518 fortissimo
2298 445 2299 448 ¹

331 557 521 628 atque
545 549 1007 610 florentissimo
1027 549 1189 621 viro,
1213 551 1289 609 M.
1316 551 1560 622 Catoni,
1587 549 1989 611 incumbenti
2009 549 2086 609 ad
2106 548 2247 624 ejus

331 639 712 718 perniciem,
742 640 1024 716 populus
1060 639 1395 699 Romanus
1426 639 1703 717 eripuit?
1736 638 2005 715 Semper
2031 638 2097 697 in
2126 638 2246 698 hac

331 728 586 789 civitate
617 728 818 787 nimis
842 728 1095 804 magnis
1127 730 1584 788 accusatorum
1615 727 1850 805 opibus
1882 730 1945 786 et
1962 725 2245 806 populus
2334 727 2338 740 ⁸

331 817 701 890 universuS,
762 819 825 875 et
883 816 1243 893 sapienteS,
1307 833 1380 875 ac
1434 816 1716 876 multum
1785 815 1853 875 in
1907 818 2245 891 posterum

328 905 803 983 prospicientes
875 904 1131 981 judices
1203 906 1602 967 restiterunt.
1678 905 1839 965 Nolo
1908 908 2246 964 accusator

331 994 396 1053 in
438 994 762 1071 judicium
812 995 1169 1071 potentiam
1228 995 1480 1067 aflerat,
1552 1012 1686 1054 non
1738 995 1869 1052 vim
1928 993 2245 1070 majorem

331 1084 649 1160 aliquam,
709 1095 842 1143 non
903 1084 1350 1144 auctoritatem
1420 1084 1873 1155 excellentem,
1948 1099 2078 1141 non
2145 1082 2244 1139 ni-

331 1172 532 1232 miam
560 1171 855 1249 gratiam.
890 1173 1156 1232 Valeant
1193 1174 1333 1234 haec
1378 1173 1599 1233 omnia
1626 1172 1702 1231 ad
1752 1171 2031 1232 salutem
2064 1171 2245 1231 inno-

331 1262 643 1333 centium,
681 1261 760 1321 ad
787 1278 979 1339 opem
1010 1261 1495 1339 impotentium,
1530 1262 1608 1323 ad
1635 1262 1950 1321 auxilium
1980 1260 2244 1320 calami-

331 1355 659 1424 tosorum;
708 1351 772 1410 in
828 1351 1121 1427 periculo
1170 1369 1346 1426 vero,
1405 1357 1468 1411 et
1511 1351 1578 1410 in
1631 1352 1936 1429 pernicie.
1978 1350 2240 1424 civium,
2304 1347 2305 1350 ’

332 1440 774 1518 repudientur.
831 1441 927 1499 60.
979 1442 1139 1501 Nam
1186 1442 1242 1501 si
1284 1441 1432 1519 quis
1476 1442 1601 1501 hoc
1650 1442 1811 1501 forte
1852 1441 2043 1514 dicet,
2075 1440 2248 1498 Cato-

329 1545 480 1587 nem
515 1528 1020 1588 descensurum1
1072 1529 1151 1588 ad
1195 1529 1638 1589 accusandum
1678 1547 1813 1589 non
1852 1527 2080 1600 fuisse,
2116 1527 2243 1585 nisi

329 1618 512 1693 prius
544 1618 620 1677 de
645 1634 842 1677 causa
865 1617 1244 1694 judicasset,
1281 1618 1573 1695 iniquam
1604 1619 1837 1695 legem,
1866 1616 2148 1694 judiceS,
2184 1621 2247 1676 et

329 1706 636 1765 miseram
676 1705 1132 1766 condicionem
1180 1707 1478 1766 instituet
1522 1705 1830 1785 periculis
1871 1704 2241 1778 hominum,

330 1794 384 1854 si
431 1794 826 1855 existimabit
860 1794 1182 1872 judicium
1231 1796 1628 1857 accusatoris
1661 1796 1728 1856 in
1765 1812 1951 1862 reum
1974 1811 2095 1871 ,pro
2116 1793 2244 1862 ali-

334 1901 461 1959 quo
486 1883 867 1961 praejudicio
894 1885 1107 1944 valere
1140 1888 1459 1961 oportere.

408 1999 620 2059 XXIX.
687 2001 818 2077 Ego
857 2003 1042 2061 tuum
1089 2000 1460 2076 consilium,
1505 2000 1679 2074 Cam,
1722 2002 1983 2078 propter
2028 1999 2244 2075 singu-

274 2106 278 2111 ·
329 2089 464 2150 lare
508 2090 712 2149 animi
757 2090 887 2149 mei
937 2090 1015 2150 de
1053 2093 1164 2150 tua
1203 2091 1438 2152 virtute
1482 2091 1831 2168 judicium,
1877 2090 2242 2166 vituperare

329 2195 460 2237 non
490 2196 803 2256 possum:
842 2196 972 2238 non
1012 2180 1192 2239 nulla
1239 2181 1305 2240 in
1336 2197 1403 2239 re
1443 2179 1714 2240 forsitan
1745 2178 2150 2239 conformare
2183 2182 2246 2236 et

330 2267 555 2328 leviter
605 2268 949 2328 emendare
993 2269 1264 2345 possim.
1317 2267 1458 2328 Non
1504 2266 1703 2327 multa
1741 2285 1981 2347 peccam,
2036 2267 2243 2342 inquit

328 2356 430 2415 ille
461 2357 820 2419 fortissimo
852 2357 989 2417 viro
1050 2358 1267 2418 senior
1324 2359 1659 2434 magister,
1702 2355 1828 2430 sed,
1885 2373 2143 2436 peccam
2191 2362 2245 2413 te

327 2463 530 2524 reqere
580 2447 897 2525 possum2.
946 2448 1025 2506 At
1075 2464 1192 2524 ego
1242 2465 1377 2507 non
1420 2452 1512 2520 te;
1565 2445 1907 2506 verissime
1965 2444 2242 2504 dixerim

327 2551 596 2612 peccare
625 2539 687 2596 te
714 2536 899 2608 nihil,
930 2529 1139 2612 neque
1171 2537 1301 2597 ulla
1341 2538 1408 2596 in
1434 2554 1503 2597 re
1537 2542 1594 2596 te
1626 2535 2000 2612 esseihujus
2037 2533 2239 2603 modi,

327 2627 399 2683 ut
424 2623 846 2701 corrigendus
873 2625 1113 2701 potius,
1154 2643 1349 2703 quam
1383 2626 1609 2687 leviter
1640 2625 2066 2686 inflectendus
2098 2640 2240 2683 esse

326 2712 607 2773 videare.
648 2713 855 2773 Finxit
903 2715 1079 2774 enirn
1127 2719 1185 2775 te
1226 2716 1368 2793 ipsa
1409 2718 1640 2776 natura
1678 2715 1758 2775 ad
1807 2714 2236 2786 honestatem,

326 2795 728 2880 gravitatem,
753 2805 1274 2880 temperantiam,
1308 2804 1826 2882 magnitudinem
1856 2802 2080 2874 animi,
2097 2802 2244 2878 jus-

325 2889 557 2963 titiam,
592 2889 670 2949 ad
703 2906 930 2950 omnes
953 2890 1232 2969 denique
1264 2893 1530 2954 virtutes
1559 2909 1869 2969 magnum
1906 2890 2241 2951 hominem

326 2984 388 3039 et
417 2980 770 3040 excelsum.
797 2980 1086 3042 Accessit
1124 2981 1227 3041 his
1278 2982 1571 3043 dotibus3
1603 2982 1895 3042 doctrina
1935 2998 2068 3040 non
2108 2998 2242 3040 mo·

325 3119 358 3161 il
384 3120 460 3162 fut
484 3116 676 3171 accuse,
708 3132 767 3164 en
791 3120 885 3172 149,
909 3132 994 3176 par
1010 3123 1052 3165 le
1067 3122 1226 3166 tribun
1344 3124 1562 3178 mayister
1584 3135 1768 3168 comme
1811 3124 2026 3177 exemple
2067 3122 2245 3165 d'anto-

325 3172 382 3215 de
408 3174 456 3216 la
479 3173 618 3227 plebe
643 3174 760 3218 Libo
800 3178 847 3218 et
868 3185 955 3229 par
998 3176 1148 3218 Calon
1183 3177 1227 3221 le
1344 3188 1542 3221 nomase
1587 3178 1699 3233 (quae
1737 3175 1911 3232 aliquid
1944 3188 2030 3229 pro
2072 3177 2244 3217 nomine

323 3237 527 3270 censeur
548 3223 633 3283 Age
665 3228 791 3271 alors
812 3229 869 3271 de
882 3230 1227 3284 quatre-vingt·
1336 3232 1500 3285 ponit).
1537 3232 1608 3274 On
1657 3241 1862 3285 suppose
1897 3240 1989 3284 que
2023 3230 2065 3272 le
2103 3225 2243 3271 beros

322 3280 402 3322 dix
462 3291 569 3324 ans.
625 3281 700 3324 Cf.
763 3280 932 3325 Valere
990 3284 1222 3334 Maxime,
1344 3286 1414 3327 est
1434 3285 1640 3336 Achille;
1668 3285 1712 3328 le
1727 3285 1870 3327 vieux
1892 3282 2082 3330 manre,
2106 3283 2244 3324 Phoe-

326 3332 457 3383 v111,
480 3346 512 3376 1.
1338 3339 1444 3389 nix,
1476 3341 1523 3382 et
1542 3349 1635 3393 que
1660 3338 1709 3381 la
1746 3337 1946 3380 citation
1976 3348 2004 3379 a
2038 3337 2244 3390 partient

376 3386 421 3430 1.
451 3387 788 3432 Descensurum.
815 3388 931 3432 Voir
970 3389 1019 3432 la
1047 3399 1094 3432 n.
1116 3388 1141 3432 3
1172 3390 1228 3434 de
1339 3402 1436 3453 aux
1493 3389 1776 3453 Myrmidonis
1795 3422 1806 3439 ,
1856 3389 1986 3445 trage
2023 3390 2065 3432 ie
2113 3388 2243 3449 ᾱζΑο-

328 3440 374 3482 ¹³
398 3450 440 3494 Ι).
469 3438 569 3483 121.
1339 3455 1461 3487 cius.
1513 3442 1708 3488 Ciceron
1763 3444 1919 3486 donne
1979 3442 2239 3486 volontiers

374 3491 413 3536 2.
443 3493 648 3535 Possum.
679 3494 884 3538 Citation
910 3495 1051 3539 d'une
1077 3499 1146 3538 tra
1178 3493 1230 3540 e-
1340 3496 1462 3539 dans
1494 3509 1567 3541 ses
1596 3499 1816 3540 discours
1841 3495 1924 3539 des
1945 3496 2167 3539 citations
2189 3495 2244 3537 de

322 3546 415 3591 die.
436 3546 706 3609 Quintilien
723 3547 855 3609 (lust.
881 3549 1078 3599 Orator„
1097 3551 1134 3590 V
1166 3552 1228 3601 ΙΙ,
1344 3551 1500 3606 pleces
1529 3551 1586 3595 de
1610 3550 1802 3594 theatre.

323 3612 385 3647 w,
407 3599 479 3653 29)
500 3600 593 3642 cite
623 3601 897 3653 fortissimas
919 3602 989 3644 vir
1018 3604 1064 3646 et
1084 3605 1232 3645 senior
1397 3603 1435 3647 3.
1469 3604 1669 3645 Dotibus.
1693 3604 1761 3646 La
1776 3603 1910 3655 lecon
1926 3602 2007 3644 des
2033 3613 2152 3644 mss.
2173 3603 2243 3641 est
