2570 4026
328 272 489 349 x402
581 302 691 349 DES
736 305 1023 351 DISCOURs
1071 306 1479 350 CONSULAIRES
1524 308 1644 351 AUX
1688 308 2100 360 PHILIPPIQUES

371 442 579 513 cione,
628 443 764 502 sine
810 441 1096 510 infamia,
1129 441 1377 501 studuit
1406 442 1691 502 Catilinae
1724 443 1994 503 iterum¹
2022 447 2296 522 petenti.

373 532 574 601 Quem
607 548 756 608 ergo
806 532 883 591 ad
918 531 1113 590 finem
1162 536 1347 609 putas
1378 531 1872 593 custodiendam
1923 532 2105 594 illam
2152 540 2301 596 aeta-

370 621 501 681 tem
532 621 776 680 fuisse?
809 621 1005 680 Nobis
1047 621 1312 698 quidem
1354 621 1510 680 olim
1563 639 1771 682 annus
1820 627 1955 683 erat
1994 641 2164 685 unus
2220 627 2301 695 ad

369 711 805 770 cohibendum
831 709 1204 769 brachium2
1237 714 1386 791 toga
1417 711 1832 784 constitutuS,
1864 716 1928 771 et
1958 717 2029 772 ut
2058 715 2301 774 exerci-

366 800 606 860 tatione
633 800 911 877 ludoque
939 800 1288 877 campestri
1322 799 1626 859 tunicati3
1649 803 2003 876 uteremur,
2037 802 2302 863 eadem-

369 906 492 966 que
526 893 679 964 erat,
717 891 771 948 si
816 890 1034 949 statim
1074 889 1310 948 mereri
1354 888 1673 964 stipendia
1703 907 2129 967 coeperamuS,
2160 910 2299 952 cas-

280 972 285 978 ’
368 979 609 1049 trensis
661 979 822 1038 ratio
874 996 946 1037 ac
995 978 1318 1037 militaris,
1363 978 1500 1048 Qua
1543 979 1609 1036 in
1654 982 1861 1053 aetate,
1902 980 2029 1039 nisi
2063 982 2172 1058 qui
2225 1000 2297 1043 se

303 1112 307 1116 -
369 1069 505 1144 ipse
540 1085 656 1126 sua
689 1068 994 1145 gravitate
1024 1071 1087 1126 et
1111 1067 1518 1139 castimonia,
1548 1070 1612 1127 et
1633 1085 1782 1127 cum
1815 1068 2157 1147 disciplina
2180 1070 2297 1130 do-

364 1157 659 1225 mestica,
689 1161 824 1215 tum
855 1157 1048 1216 etiam
1081 1157 1355 1216 naturali
1390 1156 1675 1232 quodam
1693 1157 1864 1216 bono
1892 1158 2292 1234 defenderet,

363 1262 623 1323 quoquo
654 1247 850 1305 modo
875 1264 910 1303 a
932 1246 1070 1305 suis
1093 1245 1457 1306 custoditus
1483 1250 1680 1315 esset,
1709 1250 1929 1307 tamen
1952 1248 2295 1309 infamiam

361 1351 580 1397 veram
628 1334 916 1412 effugere
954 1352 1088 1394 non
1119 1339 1391 1413 poterat.
1429 1334 1553 1394 Sed
1585 1335 1695 1411 qui
1728 1337 1936 1412 prima
1963 1336 2077 1397 illa
2109 1337 2298 1399 initia

329 1444 333 1448 ·
362 1424 567 1483 aetatis
599 1424 869 1500 integra,
899 1428 1089 1501 atque
1113 1425 1421 1483 inviolata
1444 1425 1875 1500 praestitisset,
1910 1424 1986 1484 de
2014 1426 2156 1503 ejus
2193 1426 2295 1486 fa·-

359 1530 466 1572 ma
497 1531 571 1573 ac
601 1513 932 1590 pudicitia,
963 1531 1112 1573 cum
1141 1514 1194 1574 is
1220 1514 1356 1590 jam
1386 1531 1454 1573 se
1482 1514 2056 1595 corroboravisset,
2087 1533 2161 1575 ac
2192 1517 2297 1576 vir

363 1603 531 1662 inter
556 1603 730 1662 viros
759 1608 953 1676 esset,
979 1619 1172 1662 nemo
1198 1604 1603 1680 loquebatur.
2199 1632 2204 1637 ·

436 1719 537 1787 12.
584 1718 841 1777 Studuit
873 1719 1185 1792 Catilinae,
1234 1737 1385 1778 cum
1421 1720 1556 1795 jam
1589 1719 1834 1796 aliquot
1875 1736 2079 1779 annos
2113 1728 2296 1782 esset

366 1808 430 1865 in
467 1807 651 1881 Foro,
698 1808 963 1882 Caelius3
1004 1812 1067 1868 et
1093 1808 1284 1866 multi
1312 1809 1333 1842 4
1358 1808 1484 1893 h‘oc
1511 1808 1683 1867 idem
1717 1826 1793 1866 ex
1829 1810 2006 1868 omni
2035 1809 2287 1885 ordine,

359 1899 549 1972 atque
581 1913 657 1954 ex
688 1897 865 1956 omni
895 1901 1077 1957 {etate
1110 1897 1421 1957 fecerunt.
1452 1897 1686 1956 Habuit
1717 1898 1891 1956 enim
1924 1898 2051 1971 ille,
2088 1899 2288 1961 sicuti

356 1985 739 2045 meminisse
778 2003 894 2046 vos
935 1987 1231 2058 arbitror,
1287 1986 1609 2064 permulta
1662 1986 2098 2047 maximarum
2150 2005 2291 2050 non

359 2093 662 2152 expressa
686 2076 889 2153 signa,
926 2076 1039 2136 sed
1061 2077 1442 2135 adumbrata
1472 2076 1865 2135 lineamenta
1889 2074 1909 2107 ⁸
1940 2078 2286 2138 virtutum.

352 2165 660 2225 Utebatur
729 2166 1106 2225 hominibus
1161 2166 1478 2242 improbis
1554 2165 1779 2224 multis
1816 2184 1829 2237 ;
1894 2170 1957 2225 et
2010 2167 2284 2249 quidem

352 2254 616 2330 optimis
648 2272 717 2313 se
750 2255 904 2314 viris
942 2254 1232 2314 deditum
1273 2271 1417 2314 esse
1460 2254 1830 2313 simulabat.
1876 2257 2067 2315 Erant
2106 2257 2286 2332 apud

264 2365 267 2370 ·
348 2343 535 2402 illum
578 2344 895 2403 illecebrae
935 2342 1282 2403 libidinum
1327 2344 1573 2415 multae,
1610 2348 1790 2402 erant
1816 2344 2009 2404 etiam
2049 2345 2288 2404 indus-

346 2433 486 2492 triae
519 2433 782 2510 quidam
829 2434 1075 2493 stimuli
1124 2450 1198 2493 ac
1246 2433 1509 2492 laboris.
1540 2433 1921 2510 Flagrabant
1949 2433 2102 2493 vitia
2132 2432 2283 2493 libi-

348 2520 516 2580 dinis
544 2523 711 2599 apud
746 2522 962 2594 illum3
992 2522 1295 2598 vigebant
1331 2522 1525 2582 etiam
1567 2522 1782 2581 studia
1820 2523 1913 2581 rei
1946 2522 2276 2583 militaris,

348 2613 565 2687 Neque
594 2629 712 2688 ego
744 2628 1031 2688 unquam
1063 2611 1265 2670 fuisse
1295 2612 1419 2671 tale
1443 2615 1811 2671 monstrum
1833 2612 1852 2645 ⁶
1875 2612 1942 2670 in
1964 2612 2154 2671 terris
2180 2612 2282 2671 ul-

399 2778 437 2821 1.
487 2779 679 2822 Iterum.
740 2779 859 2823 C’est
903 2779 951 2822 la
1006 2778 1250 2822 troisieme
1362 2778 1917 2833 gardaientlatunique.
1945 2780 2032 2835 Les
2053 2781 2278 2830 hommes

339 2833 506 2885 petitio
545 2833 601 2875 de
667 2833 902 2875 Catilina:
941 2834 972 2875 il
994 2833 1168 2887 brigua
1208 2834 1248 2876 le
1361 2831 1825 2873 amovebanturmidi.

347 2885 567 2928 consulat
587 2897 681 2929 une
704 2886 935 2940 premiere
953 2887 1046 2928 fois
1069 2898 1131 2928 au
1153 2898 1249 2928 sor·
1417 2884 1458 2927 4.
1495 2886 1654 2926 Multi.
1698 2885 1892 2928 ciceron
1915 2889 2049 2929 entre
2081 2889 2270 2932 autres,

346 2940 408 2981 tir
455 2939 512 2981 de
560 2950 612 2980 sa
655 2936 932 2992 propreture
977 2939 1241 2994 d'Afrique,
1363 2940 1477 2980 Yoir
1508 2950 1550 2992 p.
1581 2938 1646 2982 33.

342 3003 436 3034 une
453 2992 676 3040 seconde,
700 3003 813 3035 avec
827 2993 1247 3042 Antonius.‘Enfin,
1414 2992 1453 3035 5.
1477 2992 1791 3033 Liueamenta.
1826 2993 1923 3035 Mot
1970 2993 2132 3047 ajoute
2172 3006 2278 3038 aux

342 3056 456 3087 sous
478 3046 520 3088 le
542 3046 762 3088 consulat
779 3047 836 3088 de
859 3044 1068 3095 Ciceron,
1086 3047 1117 3088 il
1141 3057 1249 3099 pose
1364 3049 1489 3088 texte
1511 3057 1594 3099 par
1617 3047 1893 3095 Francken;
1917 3047 2048 3089 Koch
2071 3044 2275 3101 supplee

338 3110 511 3142 encore
536 3111 587 3140 sa
613 3099 938 3141 candidature.
1352 3099 1917 3143 simulacrndlantithese
1939 3103 2074 3143 entre
2092 3113 2278 3152 expres-

389 3151 434 3196 2.
494 3152 747 3193 Bracleimn.
790 3151 1005 3206 seneque
1038 3152 1080 3195 le
1113 3152 1240 3194 Rhe·
1352 3165 1405 3193 sa
1441 3152 1509 3205 (la
1529 3154 1752 3206 gravnre)
1790 3157 1836 3195 et
1858 3152 2278 3206 adumbratass'es-

335 3208 439 3248 teur
470 3206 677 3259 rappelle
700 3217 806 3260 que,
830 3207 1106 3250 suivantles
1128 3217 1239 3248 cou-
1385 3207 1533 3258 uisse)
1570 3217 1619 3247 se
1654 3209 1874 3248 retrouve
1906 3210 2106 3250 souvent
2145 3207 2274 3251 dans

337 3261 489 3302 tumes
520 3260 798 3301 anciennes.
827 3260 895 3302 les
922 3261 1094 3314 jeunes
1125 3271 1241 3314 gens
1390 3258 2270 3310 iceron.Cr.Tuscul.()1w²st.,111,11,3:

332 3312 484 3354 adluis
504 3312 532 3353 a
569 3314 742 3355 revetir
784 3314 828 3355 la
871 3316 973 3367 toge
1003 3313 1141 3356 virile
1163 3314 1240 3355 de·
1354 3313 1648 3354 Consecratur
1673 3313 1842 3352 nnllam
1859 3314 2144 3356 ·eminentem
2164 3315 2274 3369 effi-

331 3367 493 3407 valent
541 3368 696 3419 porter
733 3367 774 3409 le
797 3368 908 3408 bras
939 3367 1085 3409 cache
1126 3377 1240 3408 sous
1351 3367 1471 3418 ‚qiem
1487 3366 1680 3415 virtutis,
1702 3365 1782 3406 sed
1815 3365 2126 3407 mlumbratam
2160 3368 2275 3416 ima-

333 3418 436 3459 leur
468 3421 570 3472 toge
592 3419 801 3472 pendant
830 3419 875 3461 la
896 3419 1127 3473 premiere
1159 3431 1240 3462 anr
1351 3420 1496 3470 (finem
1517 3419 1686 3472 [floria-³.
1709 3420 1889 3461 —Voir
1924 3420 1965 3461 le
1983 3422 2189 3473 portrait
2206 3421 2271 3465 de

334 3470 418 3512 nee
440 3471 499 3512 οὺ
522 3472 583 3512 ils
605 3472 956 3526 frequentaient
979 3474 1020 3516 le
1047 3475 1237 3515 Forum.
1352 3471 1569 3521 Catilina,
1588 3472 1707 3514 dans
1724 3472 1953 3522 Salluste,
1983 3472 2270 3524 Catilina,v.

358 3544 362 3548 ψ
390 3522 428 3563 3.
477 3523 696 3564 Tunicate'.
740 3528 844 3567 Aux
889 3528 1128 3569 exercices
1177 3526 1239 3568 du
1404 3524 1444 3565 6.
1474 3525 1750 3569 Monstrum.
1793 3527 1909 3568 Voir
1939 3527 1985 3569 la
2016 3530 2127 3578 note
2147 3525 2173 3570 4
2203 3527 2269 3572 de

336 3574 513 3634 Champ
553 3575 608 3618 de
634 3578 784 3626 Mars,
821 3579 886 3622 les
914 3580 1082 3632 jeunes
1126 3589 1241 3634 gens
1352 3578 1396 3619 la
1423 3589 1465 3632 p.
1497 3577 1591 3631 101.
2091 3577 2096 3582 ”
