2570 4026
14 0 457 254 ΓΜ
531 0 559 24 2*
631 0 691 43 μ

250 41 261 54 ,Ν

142 139 148 148 .

597 366 648 431 L'
674 371 711 426 ‘«
751 384 921 431 Aeno
963 384 1229 432 SECUNDA
1271 385 1331 431 ῙΝ
1375 386 1428 432 c.
1475 386 1787 434 VERREM»
2010 367 2156 432 ‘219

244 521 326 582 sit
370 519 606 599 aliquis
649 522 718 581 in
759 520 992 582 litteris
1042 522 1311 595 GaviuS,
1353 517 1485 583 'hoc
1522 525 1764 601 fingere
1810 529 1872 585 et
1920 522 2156 601 eligere

243 627 502 685 nomen,
537 614 609 671 ut
637 610 813 672 hunc
842 610 1030 671 illum
1062 627 1205 672 esse
1234 612 1486 691 possim
1514 610 1753 687 dicere,
1785 614 1904 676 sed
1943 611 2022 674 ad
2058 630 2155 673 ar·

245 701 505 762 bitrium
525 705 714 761 tuum
743 704 943 762 testes
975 700 1161 774 daho,
1194 702 1303 777 qui
1336 702 1534 761 istum
1567 702 1785 779 ipsum
1816 702 2154 781 Syracusis

244 789 354 851 ahs
381 794 442 850 te
470 791 539 850 in
567 790 923 850 lautumias
950 790 1319 867 conjectum
1346 806 1491 851 esso
1523 789 1759 852 dicant.
1794 789 2154 852 Producam

243 878 435 940 etiam
490 879 841 951 ConsanoS‚
896 879 1263 958 municipes
1322 873 1500 940 illius
1548 897 1623 941 ac
1665 879 2082 948 ⁴necessarios
2108 881 2149 952 ¹,

244 967 442 1045 quite
493 983 666 1029 nunc
721 983 866 1028 sero
916 968 1207 1041 doceant,
1254 967 1510 1045 judices
1557 985 1688 1030 non
1741 987 1918 1040 sero,
1970 970 2152 1032 illum
2249 1017 2252 1026 .

242 1057 305 1116 P.
327 1056 620 1131 Gavium,
643 1075 837 1135 quem
859 1060 928 1116 tu
949 1057 1300 1144 in-crucem
1324 1057 1538 1137 egisti,
1556 1060 1765 1119 civem
1788 1058 2152 1119 Romanum

244 1151 304 1206 et
352 1144 753 1226 municipem
791 1147 1186 1220 Consanum,
1221 1163 1357 1236 non
1409 1145 1884 1226 speculatorem
1935 1147 2153 1225 fugiti—

240 1254 468 1299 vorum
494 1236 724 1300 fuisse.

313 1373 519 1436 LXIV.
555 1373 697 1432 165.
733 1371 891 1433 Cum
916 1371 1058 1431 haec
1087 1371 1330 1443 omnia,
1372 1389 1513 1448 quae
1557 1369 1890 1450 polliceor,
1926 1388 2156 1451 cumu-

238 1463 358 1526 late
410 1461 541 1522 tuis
594 1460 960 1540 proximis2
1000 1460 1188 1539 plana
1227 1460 1468 1532 fecero,
1520 1464 1658 1521 tum
1685 1459 1877 1522 ‘istuc
1936 1462 2153 1540 ipsum

232 1553 491 1624 tanaim,
527 1550 703 1629 quod
740 1550 857 1612 abs
898 1554 961 1609 te
1012 1547 1178 1612 mihi
1221 1549 1407 1609 datur
1441 1567 1455 1608 ε
1500 1567 1577 1610 eo
1623 1556 2000 1612 contentum
2048 1568 2154 1611 me

236 1658 378 1702 esse
418 1641 651 1701 dicam.
712 1638 878 1710 Quid
934 1639 1107 1699 enim
1151 1655 1363 1716 nuper
1403 1643 1474 1699 tu
1517 1639 1678 1716 ipse,
1731 1658 1880 1702 cum
1928 1640 2152 1719 populi

233 1730 506 1791 Romani
537 1730 819 1790 clamore
850 1732 1039 1804 atque
1067 1728 1317 1806 impetu
1349 1729 1764 1805 perturbatus
1804 1729 2147 1800 exsiluisti,

232 1817 410 1897 quid,
447 1819 735 1896 inquam,
770 1816 1027 1877 locutus
1074 1816 1187 1877 es?
1235 1815 1450 1889 Illum,
1487 1818 1658 1894 quod
1698 1836 1953 1878 moram
2004 1835 2152 1897 sup-

230 1907 424 1987 plicio
470 1908 807 1985 quaereret,
856 1903 1002 1966 ideo
1050 1906 1420 1967 clamitasse
1466 1921 1549 1967 se
1581 1923 1726 1967 esse
1774 1909 1984 1968 civem
2028 1907 2150 1967 Ro-

228 2016 518 2071 manum,
576 1996 691 2059 sed
750 1996 1223 2076 speculatorem
1278 1995 1504 2056 fuisse.
1550 1994 1697 2057 Jam
1751 1996 1910 2057 mei·
1946 2001 2148 2059 testes

229 2089 365 2150 veri
403 2092 573 2149 sunt.
604 2084 768 2158 Quid
812 2072 988 2147 eni11'1
1019 2085 1176 2145 dicit
1213 2084 1389 2146 aliud
1417 2084 1481 2146 C.
1513 2085 1938 2159 NumitoriuS,
1994 2085 2150 2164 quid

230 2179 308 2241 Μ.
340 2183 406 2239 et
433 2179 500 2245 P.
537 2176 750 2249 Cottii,
789 2174 1186 2237 nobilissimi
1229 2174 1559 2249 homines,
1595 2194 1672 2236 ex
1714 2194 1864 2253 agro
1915 2176 2151 2238 Tauro-

227 2266 561 2328 menitano
585 2266 630 2338 ³,
681 2263 836 2342 quid
868 2263 941 2335 Q.
975 2265 1308 2337 Lucceius,
1345 2264 1452 2342 qui
1500 2265 1928 2341 argentariam
1967 2264 2149 2344 Regii

228 2355 584 2421 maximam
611 2352 785 2427 fecit,
822 2353 975 2431 quid
1008 2354 1248 2414 ceteri?
1278 2350 1503 2415 Adhuc
1530 2352 1706 2413 enim
1736 2357 1933 2414 testes
1964 2372 2043 2415 ex
2073 2373 2149 2415 eo

227 2462 464 2522 genere
507 2463 544 2505 a
586 2461 690 2504 me
738 2448 890 2504 sunt
914 2441 1066 2515 dati,
1100 2461 1233 2505 non
1265 2439 1376 2523 qui
1401 2444 1664 2503 novisse
1696 2443 1990 2522 Gavium,
2036 2444 2148 2504 sed

229 2551 298 2594 se
328 2533 571 2595 vidisse
612 2532 922 2599 dicerent,
961 2549 1109 2592 cum
1156 2530 1235 2604 is,
1267 2530 1378 2609 qui
1420 2549 1490 2592 se
1518 2532 1730 2591 civem
1783 2531 2146 2592 Romanum

228 2639 377 2685 esse
417 2622 748 2693 clamaret,
802 2622 868 2680 in
915 2638 1176 2681 crucem
1231 2625 1550 2698 ageretur.
1586 2619 1721 2680 Hoc
1761 2626 1850 2693 tu,
1887 2620 2141 2693 VerreS,

226 2708 400 2771 idem
423 2708 609 2784 dicis,
636 2710 761 2771 hoc
782 2714 850 2769 tu
876 2708 1229 2781 confiteris,
1252 2709 1439 2769 illum
1458 2709 1829 2770 clamitasse
1849 2727 1916 2770 se
1940 2708 2149 2771 civem

227 2814 371 2859 esse
402 2797 811 2871 ,Romanum;
859 2797 1027 2875 apud
1071 2802 1133 2859 te
1165 2815 1406 2858 nomen
1447 2794 1725 2857 civitatis
1773 2815 1853 2862 ne
1898 2800 2147 2858 tantum

228 2883 491 2965 quidem
522 2886 826 2959 valuisse,
864 2892 933 2946 ut
962 2884 1429 2948 dubitationem
1471 2886 1778 2963 aliquam,
1811 2892 1881 2948 ut
1920 2887 2149 2949 crude-

225 2977 462 3039 lissimi
492 2976 937 3054 teterrimique
962 2978 984 3011 ⁴
1018 2976 1327 3056 supplicii
1372 2974 1657 3052 aliquam
1707 2995 1973 3053 parvam
2017 2995 2153 3038 mo·

228 3084 367 3126 ram
396 3065 627 3129 saltem
657 3069 880 3144 posset
910 3064 1159 3126 afferre.

306 3176 443 3238 166.
493 3176 628 3235 Hoc
657 3178 871 3250 teneo,
913 3173 1022 3235 hic
1052 3175 1294 3248 haere0‚
1326 3173 1608 3252 judiceS,
1649 3174 1773 3236 hoc
1814 3191 1960 3235 sum
2002 3190 2145 3236 con·

230 3269 442 3325 tentus
469 3280 623 3335 uno,
652 3264 886 3324 omitto
917 3280 994 3323 ac
1015 3265 1287 3341 neglego
1316 3269 1561 3338 cetera3
1588 3281 1707 3327 sua
1738 3265 2148 3325 confessione

287 3451 320 3492 1.
340 3446 653 3493 Necessarae'os.
687 3448 801 3492 voir
819 3449 867 3492 la
896 3450 1005 3492 note
1029 3448 1045 3489 1
1069 3445 1126 3491 de
1292 3448 1332 3491 3.
1367 3443 1443 3489 Ex
1471 3460 1582 3502 (tyro
1615 3446 1998 3492 Tauromenitano,
2033 3448 2152 3492 Tau-

230 3500 276 3545 la
392 3513 417 3547 e
432 3498 537 3546 103.
1238 3500 1529 3552 romenium,
1552 3498 1667 3544 ville
1689 3502 1746 3545 de
1770 3501 1818 3545 la
1834 3500 1977 3547 Sicile
1998 3504 2152 3546 orien-

313 3587 326 3600 .
368 3556 619 3599 Proximis.
674 3554 829 3598 Meme
881 3563 990 3598 sens
1036 3565 1129 3611 que
1238 3554 1354 3600 tale.

227 3612 361 3664 copim
389 3611 649 3653 amicorum.
676 3609 794 3651 Voir
823 3607 872 3651 la
894 3610 1004 3653 note
1025 3607 1049 3651 4
1074 3608 1130 3654 de
1294 3612 1337 3652 4.
1371 3606 1700 3665 Teterrimique.
1728 3609 1874 3667 Teter,
1892 3612 1976 3666 qui
1996 3611 2149 3655 excite

220 3664 280 3707 ‘la
308 3664 519 3719 pagess4.
1240 3662 1284 3705 le
1314 3662 1506 3714 degoul„
1527 3667 1829 3718 repoussant.
