2570 4026
674 304 724 366 L'
757 329 786 360 «
821 324 993 367 Acrio
1036 321 1222 367 Pium
1267 321 1328 366 1N
1371 326 1421 368 c.
1472 296 1783 370 VERREM»
2071 307 2182 369 131

271 461 592 522 violatam
620 461 649 517 Τ
693 461 891 541 §.ujus
927 461 1163 538 legatio
1204 461 1475 523 exitium
1518 462 1642 522 fuit
1684 462 1851 522 Asiae
1893 462 2093 522 totius
2139 466 2201 522 et

273 550 704 628 Pamphyliae,
738 550 977 627 quibus
1015 551 1083 610 in
1112 551 1465 628 provinciis
1493 552 1730 611 multas
1758 551 2013 625 domOS,
2047 552 2193 629 plu-

271 640 477 700 rimas
507 641 725 710 urbes,
774 639 995 699 omnia
1030 640 1178 699 fana
1208 641 1631 718 depeculatus
1658 642 1675 675 ¹
1710 644 1828 712 est,
1862 645 2002 701 tum
2042 656 2195 701 cum

272 731 344 789 in
370 730 482 790 Cn.
510 726 916 788 Dolabellam
939 745 1135 788 suum
1157 729 1372 789 scelus
1415 729 1574 789 illud
1610 729 1960 806 pristinum
2001 746 2200 789 reno-

194 859 201 866 ·
270 818 446 879 vavit
477 824 540 879 et
571 817 955 878 instauravit
988 819 1434 895 quaestorium,
1470 836 1622 879 cum
1667 832 1840 892 eum,
1876 819 1979 878 cui
2014 823 2075 878 et
2107 819 2197 878 le-

239 913 461 986 —gatus
487 911 552 968 et
578 924 695 985 pro
729 911 1051 985 quaestore
1083 908 1336 982 fuisset,
1372 909 1525 968 etin
1549 907 1860 967 invidiam
1892 908 2031 968 suis
2061 922 2197 968 ma-

271 997 505 1058 leficiis
544 997 831 1065 adduxit,
862 1000 926 1056 et
960 996 1025 1056 in
1052 997 1213 1074 ipsis
1244 997 1555 1074 periculis
1603 1012 1732 1056 non
1764 994 1979 1056 solum
2011 996 2195 1059 dese-

269 1087 428 1164 ruit,
481 1086 594 1147 sed
644 1086 837 1145 etiam
899 1086 1299 1164 oppugnavit
1346 1102 1419 1146 ac
1476 1085 1780 1164 prodidit.
1841 1088 1939 1145 12.
1994 1086 2192 1163 Cujus

272 1172 555 1253 p'raetura
585 1176 831 1234 urbana
858 1176 1095 1234 aedium
1123 1191 1453 1236 sacrarum
1486 1176 1609 1236 fuit
1649 1176 2192 1253 publicorumque

272 1280 551 1341 operum
582 1262 1015 1340 depeculatiO,
1050 1262 1248 1323 simul
1276 1263 1343 1323 in
1357 1263 1505 1341 jure
1536 1263 1841 1339 dicundO,
1871 1265 2193 1324 bonorum

272 1352 931 1430 possessionumque,
965 1356 1187 1412 contra
1219 1353 1517 1412 omnium
1560 1353 1877 1428 instituta,
1912 1352 2192 1413 addictio

272 1446 340 1502 et
385 1440 800 1502 condonatio.
852 1442 996 1500 Jam
1032 1456 1186 1501 vero
1230 1442 1528 1505 omnium
1570 1441 1876 1502 vitiorum
1917 1457 2188 1502 suorum

271 1531 561 1609 plurima
602 1535 667 1590 et
692 1529 983 1590 maxima
1024 1531 1362 1591 constituit
1399 1536 1826 1591 monumenta.
1856 1537 1919 1592 et
1958 1530 2195 1593 indicia

274 1621 344 1679 in
363 1620 703 1698 provincia
733 1619 972 1693 Sicilia,
1004 1636 1201 1696 quam
1233 1621 1357 1681 iste
1379 1638 1497 1698 per
1516 1621 1870 1681 triennium
1895 1621 1983 1680 ita
2009 1637 2194 1682 vexa-

275 1709 370 1769 vit
413 1726 487 1769 ac
555 1709 860 1787 perdidit,
901 1714 975 1769 ut
1015 1724 1090 1769 ea
1134 1710 1389 1770 restitui
1445 1707 1511 1769 in
1565 1711 1905 1787 antiquum
1954 1714 2196 1770 statum

272 1799 459 1858 nullo
480 1798 678 1858 modo
699 1797 932 1876 possit,
959 1799 1069 1858 vix
1089 1803 1310 1860 autem
1341 1816 1454 1876 per
1480 1799 1723 1860 multos
1750 1816 1978 1872 annoS,
2006 1799 2193 1860 inno—

274 1888 631 1965 centesque
687 1889 1010 1967 praetores‘
1052 1887 1272 1964 aliqua
1325 1904 1403 1948 ex
1456 1893 1640 1965 parte
1691 1888 1968 1949 recreari
2006 1890 2026 1922 ²
2085 1888 2196 1948 ali-

272 1976 536 2055 quando
570 1993 764 2055 posse
789 1976 1104 2037 videatur.
1137 1978 1235 2039 13.
1273 1979 1406 2039 Hoc
1445 1982 1715 2055 praetore
1755 1978 1951 2040 Siculi
1983 1994 2194 2056 neque

272 2084 431 2127 suas
477 2066 682 2143 leges,
744 2080 957 2144 neque
1013 2071 1238 2128 nostra
1302 2072 1567 2127 senatus
1613 2068 1935 2136 consulta,
1983 2084 2193 2144 neque

272 2157 656 2218 communia
678 2157 830 2233 jura
866 2160 1252 2232 tenuerunt3
1284 2159 1537 2217 tantum
1569 2158 1850 2235 quisque
1896 2157 2090 2217 habet
2129 2158 2196 2216 in

272 2246 516 2319 Sicilia,
545 2235 883 2323 quantum
916 2246 1219 2307 'hominis
1269 2246 1636 2306 avarissimi
1677 2252 1740 2306 et
1789 2246 2192 2307 libidinosis-

272 2337 429 2397 simi
455 2340 566 2396 aut
596 2335 1102 2413 imprudentiam
1149 2336 1562 2413 subterfugit,
1601 2340 1710 2395 aut
1754 2336 2030 2396 satietati
2083 2352 2191 2395 su-

273 2425 539 2504 perfuit.

353 2542 428 2600 V.
463 2533 652 2601 Nulla
687 2555 790 2601 res
821 2558 937 2618 per
959 2537 1340 2614 triennium,
1385 2535 1510 2600 nisi
1544 2539 1624 2599 ad
1658 2542 1933 2608 nutum3
1975 2539 2191 2614 istiUS,

266 2625 563 2707 judicata
611 2631 746 2702 est3
787 2627 965 2690 nulla
1003 2647 1107 2690 res
1148 2627 1538 2707 cujusquam
1570 2634 1703 2689 tam
1754 2631 1959 2707 patria
2003 2635 2194 2706 atque

273 2720 443 2779 avita
483 2718 625 2795 fuit,
670 2737 811 2797 quse
850 2737 984 2780 non
1020 2721 1097 2780 ab
1130 2735 1207 2780 eo
1246 2717 1522 2796 imperio
1563 2720 1756 2779 istius
1794 2718 2197 2796 abjudicare-

274 2814 403 2869 tur.
449 2807 965 2870 Innumerabiles
998 2804 1295 2888 pecuniae
1329 2827 1405 2868 ox
1445 2815 1774 2870 aratorum
1805 2807 1994 2870 bonis
2027 2825 2231 2869 novo-

272 2898 657 2977 nefarioque
702 2899 999 2960 instituto
1046 2900 1309 2972 coactae,
1346 2900 1504 2958 socii
1539 2899 1902 2961 fidelissimi
1941 2900 2006 2958 in
2049 2899 2198 2958 hos-

273 3067 405 3111 leurs
424 3069 676 3121 questeurs
704 3069 761 3112 de
780 3068 1039 3112 veritables
1062 3069 1182 3112 liens
1293 3065 1481 3118 culati03
1515 3081 1562 3117 v,
1610 3066 1681 3119 14,
1741 3067 1792 3110 de
1826 3067 2026 3110 eculatus
2057 3078 2070 3109 ε
2118 3078 2196 3112 ces

275 3121 623 3174 religieux.Cf.
645 3121 796 3163 Divin.
825 3124 869 3163 in
884 3122 1053 3172 Cincii„
1076 3131 1179 3171 x1x,
1293 3122 1457 3173 lecons
1478 3121 1559 3164 ont
1591 3121 1662 3164 ete
1695 3121 1793 3164 reta
1827 3122 1914 3164 lies
1936 3131 2022 3174 par
2051 3121 2102 3161 C.
2132 3122 2190 3165 F.

273 3173 327 3219 61
351 3188 362 3214 ι
385 3175 459 3217 Sic
482 3176 598 3217 enim
615 3188 646 3215 a
664 3175 906 3230 majoriam
925 3176 1093 3217 nostris
1114 3185 1184 3218 αα·-
1294 3173 1375 3216 w.
1394 3175 1609 3224 Mueller,
1624 3183 1685 3217 au
1706 3176 1799 3219 lieu
1813 3174 1870 3217 de
1884 3173 2193 3227 depopulatus,

274 3225 468 3281 cepimus
499 3233 735 3283 praetorem
772 3230 980 3283 quaestori
999 3241 1077 3272 suo
1137 3241 1182 3269 a·
1294 3228 1599 3290 depopulatio,
1627 3230 1710 3283 qui
1744 3240 1793 3272 se
1828 3230 2051 3270 trouvent
2079 3227 2197 3270 dans

275 3282 417 3323 rantis
460 3281 554 3324 Ioco
601 3293 694 3324 esne
740 3287 970 3335 opor-trra
1015 3284 1185 3324 nutam
1293 3281 1534 3334 plusieurs
1557 3293 1675 3324 mss.
1704 3285 1749 3325 et
1785 3282 1907 3324 dans
1928 3282 1976 3324 la
2004 3281 2197 3335 plupart

276 3347 414 3388 neque
450 3336 708 3389 jmtiorem,
756 3349 894 3390 neque
932 3338 1179 3388 ararim-em
1292 3336 1375 3378 des
1398 3335 1623 3382 editions,
1653 3337 1776 3378 mais
1797 3336 1911 3378 dont
1930 3336 1972 3378 le
1998 3345 2108 3378 sens
2129 3337 2198 3377 est

275 3400 455 3430 canuam
475 3388 822 3432 necessitudinis
836 3401 964 3439 poss-e
993 3389 1182 3445 reperiri
1294 3390 1448 3431 moins
1474 3389 1646 3443 precis.

275 3453 406 3495 quam
437 3443 794 3497 eonj1mctionem
836 3444 1002 3492 sortia,
1050 3457 1182 3498 quemn
1344 3442 1390 3486 2.
1426 3442 1659 3485 Recreari.
1688 3444 1802 3485 Voir
1828 3443 1875 3485 la
1895 3443 2003 3485 note
2022 3440 2045 3485 1
2071 3441 2128 3484 de
2151 3441 2197 3483 la

275 3497 526 3548 provinc-iz,
550 3507 684 3550 qetam
696 3497 851 3552 officii,
873 3510 1005 3551 quam
1017 3497 1181 3549 publici
1294 3507 1412 3549 page
1434 3495 1506 3540 85.
1637 3533 1645 3541 .

279 3551 468 3592 numeri-s
487 3549 763 3592 sociotatem.
1345 3551 1390 3593 3.
1425 3550 1614 3592 Natam.
1646 3550 1757 3591 Voir
1784 3549 1833 3591 la
1863 3552 1968 3592 note
1990 3548 2015 3591 Ξ
2050 3548 2108 3590 de
2148 3548 2195 3590 la

328 3601 370 3646 1.
401 3604 724 3658 [tepet-acam».
748 3604 821 3647 Of.
849 3613 915 3646 tv.
948 3602 1019 3652 12,
1055 3603 1184 3658 depe-
1295 3614 1411 3657 page
1432 3603 1503 3647 91.
