<?xml version="1.0" encoding="UTF-8"?>
<!DOCTYPE html PUBLIC "-//W3C//DTD XHTML 1.0 Transitional//EN"
    "http://www.w3.org/TR/xhtml1/DTD/xhtml1-transitional.dtd">
<html xmlns="http://www.w3.org/1999/xhtml" xml:lang="en" lang="en">
 <head>
  <title>
</title>
<meta http-equiv="Content-Type" content="text/html;charset=utf-8" />
  <meta name='ocr-system' content='tesseract 3.04.00' />
  <meta name='ocr-capabilities' content='ocr_page ocr_carea ocr_par ocr_line ocrx_word'/>
</head>
<body>
  <div class='ocr_page' id='page_1' title='image "./extraitsetanaly00mirmgoog_0102.png"; bbox 0 0 2570 4026; ppageno 0'>
   <div class='ocr_carea' id='block_1_1' title="bbox 292 324 298 351">
    <p class='ocr_par' dir='ltr' id='par_1_1' title="bbox 292 324 298 351">
     <span class='ocr_line' id='line_1_1' title="bbox 292 324 298 351; baseline 0 0"><span class='ocrx_word' id='word_1_1' title='bbox 292 324 298 351; x_wconf 78' lang='lat' dir='ltr'>l</span> 
     </span>
    </p>
   </div>
   <div class='ocr_carea' id='block_1_2' title="bbox 367 283 1764 349">
    <p class='ocr_par' dir='ltr' id='par_1_2' title="bbox 367 283 1764 349">
     <span class='ocr_line' id='line_1_2' title="bbox 367 283 1764 349; baseline 0.002 -11"><span class='ocrx_word' id='word_1_2' title='bbox 367 283 446 339; x_wconf 81' lang='lat'>90</span> <span class='ocrx_word' id='word_1_3' title='bbox 875 299 979 341; x_wconf 73' lang='lat' dir='ltr'>Les</span> <span class='ocrx_word' id='word_1_4' title='bbox 1022 296 1307 342; x_wconf 74' lang='lat' dir='ltr'>niscocns</span> <span class='ocrx_word' id='word_1_5' title='bbox 1349 299 1427 349; x_wconf 73' lang='lat' dir='ltr'>nn</span> <span class='ocrx_word' id='word_1_6' title='bbox 1468 297 1764 343; x_wconf 75' lang='lat' dir='ltr'>JEUNESSE</span> 
     </span>
    </p>
   </div>
   <div class='ocr_carea' id='block_1_3' title="bbox 360 434 2307 865">
    <p class='ocr_par' dir='ltr' id='par_1_3' title="bbox 360 434 2307 865">
     <span class='ocr_line' id='line_1_3' title="bbox 364 434 2286 513; baseline -0.002 -16"><span class='ocrx_word' id='word_1_7' title='bbox 364 436 831 498; x_wconf 79' lang='lat' dir='ltr'>crudelitatem.</span> <span class='ocrx_word' id='word_1_8' title='bbox 884 438 983 495; x_wconf 74' lang='lat'>92.</span> <span class='ocrx_word' id='word_1_9' title='bbox 1040 436 1177 507; x_wconf 84' lang='lat' dir='ltr'>Quo</span> <span class='ocrx_word' id='word_1_10' title='bbox 1231 436 1335 496; x_wconf 91' lang='lat' dir='ltr'>die</span> <span class='ocrx_word' id='word_1_11' title='bbox 1382 437 1457 497; x_wconf 86' lang='lat' dir='ltr'>ad</span> <span class='ocrx_word' id='word_1_12' title='bbox 1496 440 1556 496; x_wconf 92' lang='lat' dir='ltr'>te</span> <span class='ocrx_word' id='word_1_13' title='bbox 1609 435 1904 513; x_wconf 86' lang='lat' dir='ltr'>judicem</span> <span class='ocrx_word' id='word_1_14' title='bbox 1951 434 2286 508; x_wconf 77' lang='lat' dir='ltr'>venimuS,</span> 
     </span>
     <span class='ocr_line' id='line_1_4' title="bbox 365 523 2285 601; baseline -0.001 -16"><span class='ocrx_word' id='word_1_15' title='bbox 365 526 593 585; x_wconf 88' lang='lat' dir='ltr'>eodem</span> <span class='ocrx_word' id='word_1_16' title='bbox 636 526 742 585; x_wconf 89' lang='lat' dir='ltr'>die</span> <span class='ocrx_word' id='word_1_17' title='bbox 790 523 1060 585; x_wconf 88' lang='lat' dir='ltr'>illorum</span> <span class='ocrx_word' id='word_1_18' title='bbox 1119 525 1359 601; x_wconf 79' lang='lat' dir='ltr'>minaS,</span> <span class='ocrx_word' id='word_1_19' title='bbox 1417 542 1577 601; x_wconf 84' lang='lat' dir='ltr'>quas</span> <span class='ocrx_word' id='word_1_20' title='bbox 1620 528 1769 585; x_wconf 87' lang='lat' dir='ltr'>ante</span> <span class='ocrx_word' id='word_1_21' title='bbox 1826 525 2285 598; x_wconf 64' lang='lat' dir='ltr'>horrebamu3‚</span> 
     </span>
     <span class='ocr_line' id='line_1_5' title="bbox 362 613 2285 692; baseline 0 -20"><span class='ocrx_word' id='word_1_22' title='bbox 362 615 706 692; x_wconf 79' lang='lat' dir='ltr'>neglegere</span> <span class='ocrx_word' id='word_1_23' title='bbox 734 614 1079 691; x_wconf 78' lang='lat' dir='ltr'>ecepimus.</span> <span class='ocrx_word' id='word_1_24' title='bbox 1110 614 1174 673; x_wconf 87' lang='lat' dir='ltr'>Si</span> <span class='ocrx_word' id='word_1_25' title='bbox 1205 631 1401 674; x_wconf 89' lang='lat' dir='ltr'>causa</span> <span class='ocrx_word' id='word_1_26' title='bbox 1427 630 1580 674; x_wconf 90' lang='lat' dir='ltr'>cum</span> <span class='ocrx_word' id='word_1_27' title='bbox 1611 631 1807 674; x_wconf 85' lang='lat' dir='ltr'>causa</span> <span class='ocrx_word' id='word_1_28' title='bbox 1836 613 2285 685; x_wconf 58' lang='lat' dir='ltr'>contenderet,</span> 
     </span>
     <span class='ocr_line' id='line_1_6' title="bbox 360 703 2307 782; baseline 0.001 -20"><span class='ocrx_word' id='word_1_29' title='bbox 360 716 486 763; x_wconf 83' lang='lat' dir='ltr'>nos</span> <span class='ocrx_word' id='word_1_30' title='bbox 512 708 802 764; x_wconf 87' lang='lat' dir='ltr'>nostram</span> <span class='ocrx_word' id='word_1_31' title='bbox 831 703 1138 781; x_wconf 79' lang='lat' dir='ltr'>perfacile</span> <span class='ocrx_word' id='word_1_32' title='bbox 1166 704 1375 764; x_wconf 86' lang='lat' dir='ltr'>cuivis</span> <span class='ocrx_word' id='word_1_33' title='bbox 1399 704 1790 782; x_wconf 78' lang='lat' dir='ltr'>probaturos</span> <span class='ocrx_word' id='word_1_34' title='bbox 1813 703 2307 764; x_wconf 74' lang='lat' dir='ltr'>statuebamUS..</span> 
     </span>
     <span class='ocr_line' id='line_1_7' title="bbox 362 790 2291 865; baseline -0.001 -13"><span class='ocrx_word' id='word_1_35' title='bbox 362 792 542 863; x_wconf 84' lang='lat' dir='ltr'>Quod</span> <span class='ocrx_word' id='word_1_36' title='bbox 566 792 713 853; x_wconf 82' lang='lat' dir='ltr'>vitae</span> <span class='ocrx_word' id='word_1_37' title='bbox 742 793 908 853; x_wconf 85' lang='lat' dir='ltr'>ratio</span> <span class='ocrx_word' id='word_1_38' title='bbox 927 810 1078 853; x_wconf 88' lang='lat' dir='ltr'>cum</span> <span class='ocrx_word' id='word_1_39' title='bbox 1109 794 1357 854; x_wconf 88' lang='lat' dir='ltr'>ratione</span> <span class='ocrx_word' id='word_1_40' title='bbox 1386 794 1535 853; x_wconf 79' lang='lat' dir='ltr'>vitae</span> <span class='ocrx_word' id='word_1_41' title='bbox 1561 794 1938 853; x_wconf 79' lang='lat' dir='ltr'>decerneret</span> <span class='ocrx_word' id='word_1_42' title='bbox 1968 795 2010 865; x_wconf 77' lang='lat'>¹,</span> <span class='ocrx_word' id='word_1_43' title='bbox 2040 790 2291 852; x_wconf 87' lang='lat' dir='ltr'>idcirco</span> 
     </span>
    </p>
   </div>
   <div class='ocr_carea' id='block_1_4' title="bbox 267 882 2286 962">
    <p class='ocr_par' dir='ltr' id='par_1_4' title="bbox 267 882 2286 962">
     <span class='ocr_line' id='line_1_8' title="bbox 267 882 2286 962; baseline -0 -21"><span class='ocrx_word' id='word_1_44' title='bbox 267 906 270 907; x_wconf 40' lang='lat'><em>⁷</em></span> <span class='ocrx_word' id='word_1_45' title='bbox 358 883 551 942; x_wconf 88' lang='lat' dir='ltr'>nobis</span> <span class='ocrx_word' id='word_1_46' title='bbox 568 884 765 943; x_wconf 89' lang='lat' dir='ltr'>etiam</span> <span class='ocrx_word' id='word_1_47' title='bbox 790 883 1002 962; x_wconf 85' lang='lat' dir='ltr'>magis</span> <span class='ocrx_word' id='word_1_48' title='bbox 1018 886 1080 942; x_wconf 90' lang='lat' dir='ltr'>te</span> <span class='ocrx_word' id='word_1_49' title='bbox 1105 884 1333 960; x_wconf 80' lang='lat' dir='ltr'>judice</span> <span class='ocrx_word' id='word_1_50' title='bbox 1355 899 1523 961; x_wconf 88' lang='lat' dir='ltr'>opus</span> <span class='ocrx_word' id='word_1_51' title='bbox 1545 899 1690 943; x_wconf 89' lang='lat' dir='ltr'>esse</span> <span class='ocrx_word' id='word_1_52' title='bbox 1713 882 2001 943; x_wconf 87' lang='lat' dir='ltr'>arbitrati</span> <span class='ocrx_word' id='word_1_53' title='bbox 2025 897 2286 941; x_wconf 88' lang='lat' dir='ltr'>sumus.</span> 
     </span>
    </p>
   </div>
   <div class='ocr_carea' id='block_1_5' title="bbox 358 973 2289 1045">
    <p class='ocr_par' dir='ltr' id='par_1_5' title="bbox 358 973 2289 1045">
     <span class='ocr_line' id='line_1_9' title="bbox 358 973 2289 1045; baseline 0 -15"><span class='ocrx_word' id='word_1_54' title='bbox 358 973 445 1030; x_wconf 84' lang='lat' dir='ltr'>Ea</span> <span class='ocrx_word' id='word_1_55' title='bbox 490 986 594 1032; x_wconf 86' lang='lat' dir='ltr'>res</span> <span class='ocrx_word' id='word_1_56' title='bbox 641 988 817 1033; x_wconf 88' lang='lat' dir='ltr'>nunc</span> <span class='ocrx_word' id='word_1_57' title='bbox 866 973 1040 1032; x_wconf 87' lang='lat' dir='ltr'>enim</span> <span class='ocrx_word' id='word_1_58' title='bbox 1098 973 1167 1032; x_wconf 91' lang='lat' dir='ltr'>in</span> <span class='ocrx_word' id='word_1_59' title='bbox 1215 973 1593 1032; x_wconf 84' lang='lat' dir='ltr'>discrimine</span> <span class='ocrx_word' id='word_1_60' title='bbox 1624 973 1645 1006; x_wconf 81' lang='lat'>2</span> <span class='ocrx_word' id='word_1_61' title='bbox 1688 974 2005 1045; x_wconf 79' lang='lat' dir='ltr'>versatur,</span> <span class='ocrx_word' id='word_1_62' title='bbox 2057 975 2289 1032; x_wconf 88' lang='lat' dir='ltr'>utrum</span> 
     </span>
    </p>
   </div>
   <div class='ocr_carea' id='block_1_6' title="bbox 277 1056 2292 1139">
    <p class='ocr_par' dir='ltr' id='par_1_6' title="bbox 277 1056 2292 1139">
     <span class='ocr_line' id='line_1_10' title="bbox 277 1056 2292 1139; baseline -0.001 -17"><span class='ocrx_word' id='word_1_63' title='bbox 277 1102 280 1107; x_wconf 88' lang='lat'>-</span> <span class='ocrx_word' id='word_1_64' title='bbox 358 1063 650 1139; x_wconf 88' lang='lat' dir='ltr'>possitne</span> <span class='ocrx_word' id='word_1_65' title='bbox 713 1078 780 1123; x_wconf 87' lang='lat' dir='ltr'>se</span> <span class='ocrx_word' id='word_1_66' title='bbox 844 1068 1069 1123; x_wconf 84' lang='lat' dir='ltr'>contra</span> <span class='ocrx_word' id='word_1_67' title='bbox 1113 1063 1438 1123; x_wconf 79' lang='lat' dir='ltr'>luxuriem</span> <span class='ocrx_word' id='word_1_68' title='bbox 1475 1056 1548 1122; x_wconf 82' lang='lat' dir='ltr'>ac</span> <span class='ocrx_word' id='word_1_69' title='bbox 1590 1063 1922 1123; x_wconf 78' lang='lat' dir='ltr'>licentiam</span> <span class='ocrx_word' id='word_1_70' title='bbox 1958 1062 2292 1122; x_wconf 83' lang='lat' dir='ltr'>rusticana</span> 
     </span>
    </p>
   </div>
   <div class='ocr_carea' id='block_1_7' title="bbox 356 1151 2291 1676">
    <p class='ocr_par' dir='ltr' id='par_1_7' title="bbox 356 1151 2291 1676">
     <span class='ocr_line' id='line_1_11' title="bbox 358 1151 2291 1228; baseline 0 -19"><span class='ocrx_word' id='word_1_71' title='bbox 358 1152 467 1212; x_wconf 89' lang='lat' dir='ltr'>illa</span> <span class='ocrx_word' id='word_1_72' title='bbox 488 1154 680 1228; x_wconf 83' lang='lat' dir='ltr'>atque</span> <span class='ocrx_word' id='word_1_73' title='bbox 712 1153 956 1212; x_wconf 85' lang='lat' dir='ltr'>inculta</span> <span class='ocrx_word' id='word_1_74' title='bbox 985 1153 1394 1228; x_wconf 88' lang='lat' dir='ltr'>parcimonia</span> <span class='ocrx_word' id='word_1_75' title='bbox 1415 1151 1781 1226; x_wconf 82' lang='lat' dir='ltr'>defendere,</span> <span class='ocrx_word' id='word_1_76' title='bbox 1816 1168 1896 1212; x_wconf 90' lang='lat' dir='ltr'>an</span> <span class='ocrx_word' id='word_1_77' title='bbox 1924 1151 2291 1212; x_wconf 85' lang='lat' dir='ltr'>deformata</span> 
     </span>
     <span class='ocr_line' id='line_1_12' title="bbox 358 1240 2285 1320; baseline -0.001 -20"><span class='ocrx_word' id='word_1_78' title='bbox 358 1245 552 1318; x_wconf 82' lang='lat' dir='ltr'>atque</span> <span class='ocrx_word' id='word_1_79' title='bbox 585 1242 987 1302; x_wconf 81' lang='lat' dir='ltr'>ornamentis</span> <span class='ocrx_word' id='word_1_80' title='bbox 1019 1243 1328 1303; x_wconf 86' lang='lat' dir='ltr'>omnibus</span> <span class='ocrx_word' id='word_1_81' title='bbox 1373 1243 1667 1320; x_wconf 84' lang='lat' dir='ltr'>spoliata,</span> <span class='ocrx_word' id='word_1_82' title='bbox 1718 1242 1893 1301; x_wconf 88' lang='lat' dir='ltr'>nuda</span> <span class='ocrx_word' id='word_1_83' title='bbox 1941 1240 2285 1320; x_wconf 78' lang='lat' dir='ltr'>cupiditati</span> 
     </span>
     <span class='ocr_line' id='line_1_13' title="bbox 360 1327 2287 1409; baseline 0 -20"><span class='ocrx_word' id='word_1_84' title='bbox 360 1330 861 1409; x_wconf 64' lang='lat' dir='ltr'>petulantiaeque</span> <span class='ocrx_word' id='word_1_85' title='bbox 913 1333 933 1365; x_wconf 75' lang='lat'><strong>³</strong></span> <span class='ocrx_word' id='word_1_86' title='bbox 994 1332 1352 1392; x_wconf 86' lang='lat' dir='ltr'>addicatur.</span> <span class='ocrx_word' id='word_1_87' title='bbox 1410 1334 1511 1391; x_wconf 83' lang='lat'>93.</span> <span class='ocrx_word' id='word_1_88' title='bbox 1555 1333 1716 1391; x_wconf 78' lang='lat' dir='ltr'>Non</span> <span class='ocrx_word' id='word_1_89' title='bbox 1770 1335 2104 1409; x_wconf 86' lang='lat' dir='ltr'>comparat</span> <span class='ocrx_word' id='word_1_90' title='bbox 2137 1327 2158 1361; x_wconf 63' lang='lat'><strong>⁴</strong></span> <span class='ocrx_word' id='word_1_91' title='bbox 2210 1347 2287 1390; x_wconf 88' lang='lat' dir='ltr'>se</span> 
     </span>
     <span class='ocr_line' id='line_1_14' title="bbox 356 1418 2289 1498; baseline 0 -20"><span class='ocrx_word' id='word_1_92' title='bbox 356 1424 573 1480; x_wconf 89' lang='lat' dir='ltr'>tecum</span> <span class='ocrx_word' id='word_1_93' title='bbox 592 1420 800 1497; x_wconf 83' lang='lat' dir='ltr'>gratia</span> <span class='ocrx_word' id='word_1_94' title='bbox 821 1422 886 1481; x_wconf 91' lang='lat' dir='ltr'>P.</span> <span class='ocrx_word' id='word_1_95' title='bbox 914 1421 1278 1496; x_wconf 85' lang='lat' dir='ltr'>Quinctius,</span> <span class='ocrx_word' id='word_1_96' title='bbox 1306 1422 1449 1481; x_wconf 84' lang='lat' dir='ltr'>Sex.</span> <span class='ocrx_word' id='word_1_97' title='bbox 1471 1418 1643 1481; x_wconf 81' lang='lat' dir='ltr'>Naevi</span> <span class='ocrx_word' id='word_1_98' title='bbox 1674 1440 1686 1494; x_wconf 91' lang='grc'><strong>;</strong></span> <span class='ocrx_word' id='word_1_99' title='bbox 1712 1438 1844 1481; x_wconf 86' lang='lat' dir='ltr'>non</span> <span class='ocrx_word' id='word_1_100' title='bbox 1870 1421 2126 1498; x_wconf 77' lang='lat' dir='ltr'>opihuS,</span> <span class='ocrx_word' id='word_1_101' title='bbox 2148 1436 2289 1479; x_wconf 87' lang='lat' dir='ltr'>non</span> 
     </span>
     <span class='ocr_line' id='line_1_15' title="bbox 358 1509 2285 1587; baseline 0 -20"><span class='ocrx_word' id='word_1_102' title='bbox 358 1509 664 1570; x_wconf 83' lang='lat' dir='ltr'>facultate</span> <span class='ocrx_word' id='word_1_103' title='bbox 724 1511 1057 1571; x_wconf 86' lang='lat' dir='ltr'>contendit</span> <span class='ocrx_word' id='word_1_104' title='bbox 1106 1528 1120 1583; x_wconf 79' lang='grc' dir='ltr'><strong>ς</strong></span> <span class='ocrx_word' id='word_1_105' title='bbox 1177 1526 1407 1572; x_wconf 87' lang='lat' dir='ltr'>omnes</span> <span class='ocrx_word' id='word_1_106' title='bbox 1461 1514 1605 1571; x_wconf 89' lang='lat' dir='ltr'>tuas</span> <span class='ocrx_word' id='word_1_107' title='bbox 1663 1515 1856 1585; x_wconf 80' lang='lat' dir='ltr'>arteS‚</span> <span class='ocrx_word' id='word_1_108' title='bbox 1914 1510 2154 1587; x_wconf 86' lang='lat' dir='ltr'>quibus</span> <span class='ocrx_word' id='word_1_109' title='bbox 2208 1513 2285 1568; x_wconf 90' lang='lat' dir='ltr'>tu</span> 
     </span>
     <span class='ocr_line' id='line_1_16' title="bbox 358 1599 2281 1676; baseline 0 -18"><span class='ocrx_word' id='word_1_110' title='bbox 358 1614 638 1676; x_wconf 82' lang='lat' dir='ltr'>magnus</span> <span class='ocrx_word' id='word_1_111' title='bbox 672 1616 764 1675; x_wconf 73' lang='grc' dir='ltr'>εει,</span> <span class='ocrx_word' id='word_1_112' title='bbox 796 1600 914 1660; x_wconf 87' lang='lat' dir='ltr'>tihi</span> <span class='ocrx_word' id='word_1_113' title='bbox 952 1601 1270 1662; x_wconf 90' lang='lat' dir='ltr'>concedit.</span> <span class='ocrx_word' id='word_1_114' title='bbox 1309 1602 1567 1665; x_wconf 78' lang='lat' dir='ltr'>Fatetur</span> <span class='ocrx_word' id='word_1_115' title='bbox 1583 1616 1652 1661; x_wconf 91' lang='lat' dir='ltr'>se</span> <span class='ocrx_word' id='word_1_116' title='bbox 1672 1616 1804 1660; x_wconf 87' lang='lat' dir='ltr'>non</span> <span class='ocrx_word' id='word_1_117' title='bbox 1835 1600 2004 1660; x_wconf 88' lang='lat' dir='ltr'>belle</span> <span class='ocrx_word' id='word_1_118' title='bbox 2035 1599 2281 1670; x_wconf 81' lang='lat' dir='ltr'>dicere,</span> 
     </span>
    </p>
   </div>
   <div class='ocr_carea' id='block_1_8' title="bbox 341 1688 2289 1767">
    <p class='ocr_par' dir='ltr' id='par_1_8' title="bbox 341 1688 2289 1767">
     <span class='ocr_line' id='line_1_17' title="bbox 341 1688 2289 1767; baseline 0 -21"><span class='ocrx_word' id='word_1_119' title='bbox 341 1706 487 1763; x_wconf 42' lang='lat' dir='ltr'>‚non</span> <span class='ocrx_word' id='word_1_120' title='bbox 518 1691 594 1749; x_wconf 90' lang='lat' dir='ltr'>ad</span> <span class='ocrx_word' id='word_1_121' title='bbox 629 1689 1027 1750; x_wconf 87' lang='lat' dir='ltr'>voluntatem</span> <span class='ocrx_word' id='word_1_122' title='bbox 1056 1688 1076 1721; x_wconf 70' lang='grc'><strong>5</strong></span> <span class='ocrx_word' id='word_1_123' title='bbox 1105 1691 1282 1767; x_wconf 88' lang='lat' dir='ltr'>loqui</span> <span class='ocrx_word' id='word_1_124' title='bbox 1322 1707 1552 1766; x_wconf 88' lang='lat' dir='ltr'>posse;</span> <span class='ocrx_word' id='word_1_125' title='bbox 1584 1707 1717 1749; x_wconf 91' lang='lat' dir='ltr'>non</span> <span class='ocrx_word' id='word_1_126' title='bbox 1747 1691 1824 1750; x_wconf 87' lang='lat' dir='ltr'>ab</span> <span class='ocrx_word' id='word_1_127' title='bbox 1857 1689 2095 1748; x_wconf 83' lang='lat' dir='ltr'>afflicta</span> <span class='ocrx_word' id='word_1_128' title='bbox 2122 1689 2289 1747; x_wconf 87' lang='lat' dir='ltr'>ami-</span> 
     </span>
    </p>
   </div>
   <div class='ocr_carea' id='block_1_9' title="bbox 345 1777 2281 2932">
    <p class='ocr_par' dir='ltr' id='par_1_9' title="bbox 345 1777 2281 2932">
     <span class='ocr_line' id='line_1_18' title="bbox 354 1777 2278 1861; baseline 0.001 -24"><span class='ocrx_word' id='word_1_129' title='bbox 354 1778 503 1861; x_wconf 86' lang='lat' dir='ltr'>citia</span> <span class='ocrx_word' id='word_1_130' title='bbox 532 1779 937 1855; x_wconf 84' lang='lat' dir='ltr'>transfugere</span> <span class='ocrx_word' id='word_1_131' title='bbox 960 1781 1003 1854; x_wconf 72' lang='grc'>6,</span> <span class='ocrx_word' id='word_1_132' title='bbox 1027 1784 1219 1856; x_wconf 88' lang='lat' dir='ltr'>atque</span> <span class='ocrx_word' id='word_1_133' title='bbox 1248 1779 1327 1839; x_wconf 90' lang='lat' dir='ltr'>ad</span> <span class='ocrx_word' id='word_1_134' title='bbox 1360 1779 1699 1839; x_wconf 90' lang='lat' dir='ltr'>florentem</span> <span class='ocrx_word' id='word_1_135' title='bbox 1720 1779 1911 1837; x_wconf 87' lang='lat' dir='ltr'>aliam</span> <span class='ocrx_word' id='word_1_136' title='bbox 1930 1777 2231 1838; x_wconf 85' lang='lat' dir='ltr'>devolare</span> <span class='ocrx_word' id='word_1_137' title='bbox 2263 1795 2278 1848; x_wconf 80' lang='lat'>3</span> 
     </span>
     <span class='ocr_line' id='line_1_19' title="bbox 352 1867 2280 1946; baseline 0 -20"><span class='ocrx_word' id='word_1_138' title='bbox 352 1884 485 1926; x_wconf 91' lang='lat' dir='ltr'>non</span> <span class='ocrx_word' id='word_1_139' title='bbox 514 1868 802 1944; x_wconf 86' lang='lat' dir='ltr'>profusis</span> <span class='ocrx_word' id='word_1_140' title='bbox 834 1869 1204 1946; x_wconf 87' lang='lat' dir='ltr'>sumptibus</span> <span class='ocrx_word' id='word_1_141' title='bbox 1236 1868 1488 1935; x_wconf 72' lang='lat' dir='ltr'>vivere:</span> <span class='ocrx_word' id='word_1_142' title='bbox 1518 1886 1651 1928; x_wconf 89' lang='lat' dir='ltr'>non</span> <span class='ocrx_word' id='word_1_143' title='bbox 1670 1885 1900 1927; x_wconf 89' lang='lat' dir='ltr'>ornare</span> <span class='ocrx_word' id='word_1_144' title='bbox 1931 1867 2280 1944; x_wconf 81' lang='lat' dir='ltr'>magnifice</span> 
     </span>
     <span class='ocr_line' id='line_1_20' title="bbox 354 1956 2278 2037; baseline 0.001 -21"><span class='ocrx_word' id='word_1_145' title='bbox 354 1956 820 2037; x_wconf 88' lang='lat' dir='ltr'>splendideque</span> <span class='ocrx_word' id='word_1_146' title='bbox 845 1960 1219 2019; x_wconf 89' lang='lat' dir='ltr'>convivium</span> <span class='ocrx_word' id='word_1_147' title='bbox 1247 1975 1414 2032; x_wconf 84' lang='lat' dir='ltr'>3non</span> <span class='ocrx_word' id='word_1_148' title='bbox 1436 1959 1671 2018; x_wconf 86' lang='lat' dir='ltr'>habere</span> <span class='ocrx_word' id='word_1_149' title='bbox 1696 1957 1965 2018; x_wconf 91' lang='lat' dir='ltr'>domum</span> <span class='ocrx_word' id='word_1_150' title='bbox 1983 1956 2278 2017; x_wconf 89' lang='lat' dir='ltr'>clausam</span> 
     </span>
     <span class='ocr_line' id='line_1_21' title="bbox 353 2047 2281 2125; baseline -0.001 -18"><span class='ocrx_word' id='word_1_151' title='bbox 353 2047 586 2125; x_wconf 89' lang='lat' dir='ltr'>pudori</span> <span class='ocrx_word' id='word_1_152' title='bbox 615 2053 679 2107; x_wconf 88' lang='lat' dir='ltr'>et</span> <span class='ocrx_word' id='word_1_153' title='bbox 719 2050 1189 2125; x_wconf 68' lang='lat' dir='ltr'>sanctimoniae,</span> <span class='ocrx_word' id='word_1_154' title='bbox 1234 2052 1561 2125; x_wconf 82' lang='lat' dir='ltr'>patentem</span> <span class='ocrx_word' id='word_1_155' title='bbox 1595 2052 1786 2125; x_wconf 85' lang='lat' dir='ltr'>atque</span> <span class='ocrx_word' id='word_1_156' title='bbox 1825 2048 1987 2107; x_wconf 88' lang='lat' dir='ltr'>adeo</span> <span class='ocrx_word' id='word_1_157' title='bbox 2022 2048 2281 2124; x_wconf 79' lang='lat' dir='ltr'>exposi-</span> 
     </span>
     <span class='ocr_line' id='line_1_22' title="bbox 355 2133 2279 2216; baseline -0.001 -20"><span class='ocrx_word' id='word_1_158' title='bbox 355 2141 485 2196; x_wconf 85' lang='lat' dir='ltr'>tam</span> <span class='ocrx_word' id='word_1_159' title='bbox 522 2138 858 2216; x_wconf 84' lang='lat' dir='ltr'>cupiditati</span> <span class='ocrx_word' id='word_1_160' title='bbox 905 2143 966 2198; x_wconf 88' lang='lat' dir='ltr'>et</span> <span class='ocrx_word' id='word_1_161' title='bbox 1005 2139 1454 2215; x_wconf 79' lang='lat' dir='ltr'>voluptatibus</span> <span class='ocrx_word' id='word_1_162' title='bbox 1490 2156 1503 2211; x_wconf 90' lang='grc'><strong>;</strong></span> <span class='ocrx_word' id='word_1_163' title='bbox 1547 2143 1794 2211; x_wconf 87' lang='lat' dir='ltr'>contra,</span> <span class='ocrx_word' id='word_1_164' title='bbox 1837 2133 1959 2202; x_wconf 84' lang='lat' dir='ltr'>sibi</span> <span class='ocrx_word' id='word_1_165' title='bbox 2003 2138 2089 2195; x_wconf 89' lang='lat' dir='ltr'>ait</span> <span class='ocrx_word' id='word_1_166' title='bbox 2128 2136 2279 2206; x_wconf 26' lang='lat' dir='ltr'>osii-</span> 
     </span>
     <span class='ocr_line' id='line_1_23' title="bbox 352 2223 2280 2304; baseline 0.001 -19"><span class='ocrx_word' id='word_1_167' title='bbox 352 2226 553 2301; x_wconf 84' lang='lat' dir='ltr'>cium,</span> <span class='ocrx_word' id='word_1_168' title='bbox 609 2223 828 2302; x_wconf 82' lang='lat' dir='ltr'>fidem,</span> <span class='ocrx_word' id='word_1_169' title='bbox 909 2223 1339 2304; x_wconf 83' lang='lat' dir='ltr'>diligentiam,</span> <span class='ocrx_word' id='word_1_170' title='bbox 1416 2227 1613 2287; x_wconf 87' lang='lat' dir='ltr'>vitam</span> <span class='ocrx_word' id='word_1_171' title='bbox 1682 2227 1948 2286; x_wconf 91' lang='lat' dir='ltr'>omnino</span> <span class='ocrx_word' id='word_1_172' title='bbox 2013 2243 2280 2303; x_wconf 88' lang='lat' dir='ltr'>semper</span> 
     </span>
     <span class='ocr_line' id='line_1_24' title="bbox 349 2315 2281 2395; baseline 0.001 -21"><span class='ocrx_word' id='word_1_173' title='bbox 349 2315 686 2378; x_wconf 87' lang='lat' dir='ltr'>horridam</span> <span class='ocrx_word' id='word_1_174' title='bbox 718 2323 911 2395; x_wconf 87' lang='lat' dir='ltr'>atque</span> <span class='ocrx_word' id='word_1_175' title='bbox 944 2316 1191 2377; x_wconf 86' lang='lat' dir='ltr'>aridam</span> <span class='ocrx_word' id='word_1_176' title='bbox 1219 2319 1238 2351; x_wconf 82' lang='lat'><strong>⁷</strong></span> <span class='ocrx_word' id='word_1_177' title='bbox 1270 2316 1451 2376; x_wconf 90' lang='lat' dir='ltr'>cordi</span> <span class='ocrx_word' id='word_1_178' title='bbox 1497 2317 1722 2377; x_wconf 85' lang='lat' dir='ltr'>fuisse.</span> <span class='ocrx_word' id='word_1_179' title='bbox 1769 2316 1900 2375; x_wconf 88' lang='lat' dir='ltr'>Ista</span> <span class='ocrx_word' id='word_1_180' title='bbox 1938 2316 2281 2393; x_wconf 88' lang='lat' dir='ltr'>superiora</span> 
     </span>
     <span class='ocr_line' id='line_1_25' title="bbox 350 2404 2276 2484; baseline 0 -19"><span class='ocrx_word' id='word_1_181' title='bbox 350 2422 518 2479; x_wconf 88' lang='lat' dir='ltr'>esse,</span> <span class='ocrx_word' id='word_1_182' title='bbox 553 2424 628 2466; x_wconf 85' lang='lat' dir='ltr'>ac</span> <span class='ocrx_word' id='word_1_183' title='bbox 654 2408 1015 2484; x_wconf 88' lang='lat' dir='ltr'>plurimum</span> <span class='ocrx_word' id='word_1_184' title='bbox 1042 2423 1235 2483; x_wconf 87' lang='lat' dir='ltr'>posse</span> <span class='ocrx_word' id='word_1_185' title='bbox 1265 2405 1369 2466; x_wconf 92' lang='lat' dir='ltr'>his</span> <span class='ocrx_word' id='word_1_186' title='bbox 1401 2405 1697 2466; x_wconf 88' lang='lat' dir='ltr'>moribus</span> <span class='ocrx_word' id='word_1_187' title='bbox 1731 2405 1949 2465; x_wconf 90' lang='lat' dir='ltr'>sentit.</span> <span class='ocrx_word' id='word_1_188' title='bbox 1971 2407 2071 2464; x_wconf 79' lang='lat'>94.</span> <span class='ocrx_word' id='word_1_189' title='bbox 2107 2404 2276 2476; x_wconf 83' lang='lat' dir='ltr'>Quid</span> 
     </span>
     <span class='ocr_line' id='line_1_26' title="bbox 348 2494 2280 2574; baseline -0.001 -19"><span class='ocrx_word' id='word_1_190' title='bbox 348 2513 501 2573; x_wconf 85' lang='lat' dir='ltr'>ergo</span> <span class='ocrx_word' id='word_1_191' title='bbox 526 2502 624 2557; x_wconf 89' lang='lat' dir='ltr'>est</span> <span class='ocrx_word' id='word_1_192' title='bbox 667 2498 695 2556; x_wconf 72' lang='grc' dir='ltr'>*ἲ</span> <span class='ocrx_word' id='word_1_193' title='bbox 725 2500 867 2557; x_wconf 91' lang='lat' dir='ltr'>Non</span> <span class='ocrx_word' id='word_1_194' title='bbox 888 2514 1095 2574; x_wconf 86' lang='lat' dir='ltr'>usque</span> <span class='ocrx_word' id='word_1_195' title='bbox 1123 2514 1198 2557; x_wconf 89' lang='lat' dir='ltr'>eo</span> <span class='ocrx_word' id='word_1_196' title='bbox 1229 2502 1474 2569; x_wconf 87' lang='lat' dir='ltr'>tamen,</span> <span class='ocrx_word' id='word_1_197' title='bbox 1510 2501 1582 2557; x_wconf 92' lang='lat' dir='ltr'>ut</span> <span class='ocrx_word' id='word_1_198' title='bbox 1613 2496 1681 2555; x_wconf 92' lang='lat' dir='ltr'>in</span> <span class='ocrx_word' id='word_1_199' title='bbox 1718 2496 1925 2574; x_wconf 87' lang='lat' dir='ltr'>capite</span> <span class='ocrx_word' id='word_1_200' title='bbox 1967 2494 2280 2555; x_wconf 74' lang='lat' dir='ltr'>fortunis-</span> 
     </span>
     <span class='ocr_line' id='line_1_27' title="bbox 348 2585 2276 2663; baseline -0.001 -19"><span class='ocrx_word' id='word_1_201' title='bbox 348 2604 471 2663; x_wconf 88' lang='lat' dir='ltr'>que</span> <span class='ocrx_word' id='word_1_202' title='bbox 512 2586 856 2645; x_wconf 86' lang='lat' dir='ltr'>hominum</span> <span class='ocrx_word' id='word_1_203' title='bbox 898 2587 1522 2647; x_wconf 89' lang='lat' dir='ltr'>honestissimorum</span> <span class='ocrx_word' id='word_1_204' title='bbox 1569 2585 1991 2646; x_wconf 88' lang='lat' dir='ltr'>dominentur</span> <span class='ocrx_word' id='word_1_205' title='bbox 2045 2585 2116 2657; x_wconf 91' lang='lat' dir='ltr'>ii,</span> <span class='ocrx_word' id='word_1_206' title='bbox 2161 2585 2276 2662; x_wconf 90' lang='lat' dir='ltr'>qui</span> 
     </span>
     <span class='ocr_line' id='line_1_28' title="bbox 347 2673 2277 2752; baseline 0 -18"><span class='ocrx_word' id='word_1_207' title='bbox 347 2675 572 2735; x_wconf 87' lang='lat' dir='ltr'>relicta</span> <span class='ocrx_word' id='word_1_208' title='bbox 601 2676 890 2735; x_wconf 89' lang='lat' dir='ltr'>virorum</span> <span class='ocrx_word' id='word_1_209' title='bbox 941 2673 1265 2735; x_wconf 86' lang='lat' dir='ltr'>bonorum</span> <span class='ocrx_word' id='word_1_210' title='bbox 1307 2673 1671 2751; x_wconf 89' lang='lat' dir='ltr'>disciplina,</span> <span class='ocrx_word' id='word_1_211' title='bbox 1725 2679 1789 2734; x_wconf 90' lang='lat' dir='ltr'>et</span> <span class='ocrx_word' id='word_1_212' title='bbox 1841 2677 2163 2752; x_wconf 82' lang='lat' dir='ltr'>quaestum</span> <span class='ocrx_word' id='word_1_213' title='bbox 2208 2679 2277 2734; x_wconf 90' lang='lat' dir='ltr'>et</span> 
     </span>
     <span class='ocr_line' id='line_1_29' title="bbox 346 2763 2267 2842; baseline -0.002 -17"><span class='ocrx_word' id='word_1_214' title='bbox 346 2768 683 2842; x_wconf 89' lang='lat' dir='ltr'>sumptum</span> <span class='ocrx_word' id='word_1_215' title='bbox 723 2765 1045 2825; x_wconf 79' lang='lat' dir='ltr'>Gallonii⁸</span> <span class='ocrx_word' id='word_1_216' title='bbox 1095 2765 1280 2841; x_wconf 86' lang='lat' dir='ltr'>sequi</span> <span class='ocrx_word' id='word_1_217' title='bbox 1330 2765 1730 2838; x_wconf 86' lang='lat' dir='ltr'>maluerunt,</span> <span class='ocrx_word' id='word_1_218' title='bbox 1789 2768 1983 2840; x_wconf 89' lang='lat' dir='ltr'>atque</span> <span class='ocrx_word' id='word_1_219' title='bbox 2039 2763 2267 2834; x_wconf 79' lang='lat' dir='ltr'>etiam,</span> 
     </span>
     <span class='ocr_line' id='line_1_30' title="bbox 345 2851 2275 2932; baseline -0.001 -19"><span class='ocrx_word' id='word_1_220' title='bbox 345 2851 516 2932; x_wconf 89' lang='lat' dir='ltr'>quod</span> <span class='ocrx_word' id='word_1_221' title='bbox 546 2854 613 2913; x_wconf 88' lang='lat' dir='ltr'>in</span> <span class='ocrx_word' id='word_1_222' title='bbox 643 2853 755 2914; x_wconf 91' lang='lat' dir='ltr'>illo</span> <span class='ocrx_word' id='word_1_223' title='bbox 786 2872 920 2913; x_wconf 92' lang='lat' dir='ltr'>non</span> <span class='ocrx_word' id='word_1_224' title='bbox 963 2853 1111 2927; x_wconf 86' lang='lat' dir='ltr'>fuit,</span> <span class='ocrx_word' id='word_1_225' title='bbox 1152 2871 1304 2914; x_wconf 90' lang='lat' dir='ltr'>cum</span> <span class='ocrx_word' id='word_1_226' title='bbox 1349 2853 1621 2914; x_wconf 87' lang='lat' dir='ltr'>audacia</span> <span class='ocrx_word' id='word_1_227' title='bbox 1660 2852 2060 2932; x_wconf 87' lang='lat' dir='ltr'>perfidiaque</span> <span class='ocrx_word' id='word_1_228' title='bbox 2099 2852 2275 2912; x_wconf 81' lang='lat' dir='ltr'>vixe-</span> 
     </span>
    </p>
   </div>
   <div class='ocr_carea' id='block_1_10' title="bbox 344 3012 2275 3177">
    <p class='ocr_par' dir='ltr' id='par_1_10' title="bbox 344 3012 2275 3177">
     <span class='ocr_line' id='line_1_31' title="bbox 394 3012 2271 3067; baseline -0.001 -10"><span class='ocrx_word' id='word_1_229' title='bbox 394 3014 434 3057; x_wconf 75' lang='lat'>1.</span> <span class='ocrx_word' id='word_1_230' title='bbox 465 3015 744 3065; x_wconf 72' lang='lat' dir='ltr'>Dec-erueret,</span> <span class='ocrx_word' id='word_1_231' title='bbox 774 3015 1030 3057; x_wconf 68' lang='lat' dir='ltr'>conibattre.</span> <span class='ocrx_word' id='word_1_232' title='bbox 1060 3015 1178 3057; x_wconf 81' lang='lat' dir='ltr'>Voir</span> <span class='ocrx_word' id='word_1_233' title='bbox 1204 3015 1252 3058; x_wconf 82' lang='lat' dir='ltr'>la</span> <span class='ocrx_word' id='word_1_234' title='bbox 1363 3015 1578 3058; x_wconf 82' lang='lat' dir='ltr'>trahison</span> <span class='ocrx_word' id='word_1_235' title='bbox 1607 3014 1665 3058; x_wconf 86' lang='lat' dir='ltr'>de</span> <span class='ocrx_word' id='word_1_236' title='bbox 1698 3014 1917 3063; x_wconf 75' lang='lat' dir='ltr'>NaeviuS‚</span> <span class='ocrx_word' id='word_1_237' title='bbox 1944 3014 2049 3067; x_wconf 81' lang='lat' dir='ltr'>qui,</span> <span class='ocrx_word' id='word_1_238' title='bbox 2074 3012 2271 3055; x_wconf 83' lang='lat' dir='ltr'>d&#39;abord</span> 
     </span>
     <span class='ocr_line' id='line_1_32' title="bbox 344 3067 2275 3124; baseline -0.001 -14"><span class='ocrx_word' id='word_1_239' title='bbox 344 3072 451 3111; x_wconf 79' lang='lat' dir='ltr'>nete</span> <span class='ocrx_word' id='word_1_240' title='bbox 479 3069 505 3112; x_wconf 88' lang='grc'>6</span> <span class='ocrx_word' id='word_1_241' title='bbox 526 3069 583 3112; x_wconf 87' lang='lat' dir='ltr'>de</span> <span class='ocrx_word' id='word_1_242' title='bbox 611 3071 656 3112; x_wconf 87' lang='lat' dir='ltr'>la</span> <span class='ocrx_word' id='word_1_243' title='bbox 680 3080 798 3124; x_wconf 72' lang='lat' dir='ltr'>page</span> <span class='ocrx_word' id='word_1_244' title='bbox 818 3069 890 3118; x_wconf 81' lang='lat'>85.</span> <span class='ocrx_word' id='word_1_245' title='bbox 1004 3080 1007 3083; x_wconf 77' lang='grc'><strong>’</strong></span> <span class='ocrx_word' id='word_1_246' title='bbox 1359 3069 1571 3123; x_wconf 72' lang='lat' dir='ltr'>partlsan</span> <span class='ocrx_word' id='word_1_247' title='bbox 1619 3069 1677 3112; x_wconf 91' lang='lat' dir='ltr'>de</span> <span class='ocrx_word' id='word_1_248' title='bbox 1714 3068 1913 3115; x_wconf 82' lang='lat' dir='ltr'>Marius,</span> <span class='ocrx_word' id='word_1_249' title='bbox 1960 3068 2089 3109; x_wconf 80' lang='lat' dir='ltr'>avait</span> <span class='ocrx_word' id='word_1_250' title='bbox 2127 3067 2275 3108; x_wconf 81' lang='lat' dir='ltr'>aban-</span> 
     </span>
     <span class='ocr_line' id='line_1_33' title="bbox 393 3120 2275 3177; baseline -0.002 -13"><span class='ocrx_word' id='word_1_251' title='bbox 393 3121 433 3164; x_wconf 80' lang='lat'>2.</span> <span class='ocrx_word' id='word_1_252' title='bbox 467 3122 730 3164; x_wconf 67' lang='lat' dir='ltr'>Dim-rimiraee</span> <span class='ocrx_word' id='word_1_253' title='bbox 774 3122 943 3177; x_wconf 69' lang='lat' dir='ltr'>(ccmo)</span> <span class='ocrx_word' id='word_1_254' title='bbox 976 3135 999 3163; x_wconf 90' lang='lat'>«</span> <span class='ocrx_word' id='word_1_255' title='bbox 1038 3126 1249 3166; x_wconf 84' lang='lat' dir='ltr'>moment</span> <span class='ocrx_word' id='word_1_256' title='bbox 1358 3121 1612 3165; x_wconf 77' lang='lat' dir='ltr'>donneson</span> <span class='ocrx_word' id='word_1_257' title='bbox 1624 3120 2275 3176; x_wconf 76' lang='lat' dir='ltr'>protecteurvaincu(nfflieea</span> 
     </span>
    </p>
   </div>
   <div class='ocr_carea' id='block_1_11' title="bbox 339 3171 2277 3497">
    <p class='ocr_par' dir='ltr' id='par_1_11' title="bbox 339 3171 2277 3291">
     <span class='ocr_line' id='line_1_34' title="bbox 339 3171 2277 3231; baseline -0.001 -15"><span class='ocrx_word' id='word_1_258' title='bbox 339 3173 510 3217; x_wconf 76' lang='lat' dir='ltr'>decisis</span> <span class='ocrx_word' id='word_1_259' title='bbox 533 3176 712 3231; x_wconf 80' lang='lat' dir='ltr'>danger</span> <span class='ocrx_word' id='word_1_260' title='bbox 731 3188 775 3218; x_wconf 70' lang='lat' dir='ltr'>n.</span> <span class='ocrx_word' id='word_1_261' title='bbox 1359 3176 1579 3230; x_wconf 75' lang='lat' dir='ltr'>amicitia)</span> <span class='ocrx_word' id='word_1_262' title='bbox 1599 3185 1719 3229; x_wconf 82' lang='lat' dir='ltr'>pour</span> <span class='ocrx_word' id='word_1_263' title='bbox 1749 3185 1799 3217; x_wconf 86' lang='lat' dir='ltr'>se</span> <span class='ocrx_word' id='word_1_264' title='bbox 1819 3174 1941 3217; x_wconf 81' lang='lat' dir='ltr'>faire</span> <span class='ocrx_word' id='word_1_265' title='bbox 1970 3174 2013 3216; x_wconf 87' lang='lat' dir='ltr'>le</span> <span class='ocrx_word' id='word_1_266' title='bbox 2044 3171 2277 3226; x_wconf 81' lang='lat' dir='ltr'>complai-</span> 
     </span>
     <span class='ocr_line' id='line_1_35' title="bbox 394 3226 1723 3291; baseline -0.002 -20"><span class='ocrx_word' id='word_1_267' title='bbox 394 3228 433 3271; x_wconf 86' lang='lat'>3.</span> <span class='ocrx_word' id='word_1_268' title='bbox 465 3230 821 3283; x_wconf 69' lang='lat' dir='ltr'>I&#39;etulantiaeqne</span> <span class='ocrx_word' id='word_1_269' title='bbox 863 3229 1019 3284; x_wconf 76' lang='lat' dir='ltr'>(peto).</span> <span class='ocrx_word' id='word_1_270' title='bbox 1084 3226 1250 3273; x_wconf 77' lang='lat' dir='ltr'>Recla-</span> <span class='ocrx_word' id='word_1_271' title='bbox 1361 3229 1471 3272; x_wconf 72' lang='lat' dir='ltr'>sant</span> <span class='ocrx_word' id='word_1_272' title='bbox 1499 3227 1558 3272; x_wconf 86' lang='lat' dir='ltr'>de</span> <span class='ocrx_word' id='word_1_273' title='bbox 1577 3230 1723 3291; x_wconf 78' lang='lat' dir='ltr'>Sylla.</span> 
     </span>
    </p>

    <p class='ocr_par' dir='ltr' id='par_1_12' title="bbox 343 3280 2275 3390">
     <span class='ocr_line' id='line_1_36' title="bbox 343 3280 2275 3336; baseline 0.001 -14"><span class='ocrx_word' id='word_1_274' title='bbox 343 3283 521 3324; x_wconf 81' lang='lat' dir='ltr'>mation</span> <span class='ocrx_word' id='word_1_275' title='bbox 551 3283 779 3326; x_wconf 72' lang='lat' dir='ltr'>effrontee</span> <span class='ocrx_word' id='word_1_276' title='bbox 807 3283 852 3326; x_wconf 78' lang='lat' dir='ltr'>et</span> <span class='ocrx_word' id='word_1_277' title='bbox 874 3282 1103 3327; x_wconf 83' lang='lat' dir='ltr'>violente.</span> <span class='ocrx_word' id='word_1_278' title='bbox 1410 3281 1450 3326; x_wconf 84' lang='lat'>7.</span> <span class='ocrx_word' id='word_1_279' title='bbox 1485 3280 1729 3324; x_wconf 70' lang='lat' dir='ltr'>Hom-edam</span> <span class='ocrx_word' id='word_1_280' title='bbox 1741 3283 1875 3336; x_wconf 71' lang='lat' dir='ltr'>atque</span> <span class='ocrx_word' id='word_1_281' title='bbox 1888 3280 2275 3323; x_wconf 78' lang='lat' dir='ltr'>aridam.Exem-</span> 
     </span>
     <span class='ocr_line' id='line_1_37' title="bbox 394 3333 1811 3390; baseline -0.001 -13"><span class='ocrx_word' id='word_1_282' title='bbox 394 3334 435 3377; x_wconf 76' lang='lat'>4.</span> <span class='ocrx_word' id='word_1_283' title='bbox 469 3334 731 3378; x_wconf 77' lang='lat' dir='ltr'>Cmnmrat.</span> <span class='ocrx_word' id='word_1_284' title='bbox 768 3338 883 3379; x_wconf 76' lang='lat' dir='ltr'>voit·</span> <span class='ocrx_word' id='word_1_285' title='bbox 918 3336 964 3378; x_wconf 86' lang='lat' dir='ltr'>la</span> <span class='ocrx_word' id='word_1_286' title='bbox 993 3337 1103 3380; x_wconf 82' lang='lat' dir='ltr'>note</span> <span class='ocrx_word' id='word_1_287' title='bbox 1130 3336 1156 3379; x_wconf 79' lang='lat'><strong>3</strong></span> <span class='ocrx_word' id='word_1_288' title='bbox 1193 3333 1250 3379; x_wconf 84' lang='lat' dir='ltr'>de</span> <span class='ocrx_word' id='word_1_289' title='bbox 1357 3336 1435 3390; x_wconf 86' lang='lat' dir='ltr'>ple</span> <span class='ocrx_word' id='word_1_290' title='bbox 1457 3333 1811 3379; x_wconf 74' lang='lat' dir='ltr'>d’alliteration.</span> 
     </span>
    </p>

    <p class='ocr_par' dir='ltr' id='par_1_13' title="bbox 344 3386 2270 3497">
     <span class='ocr_line' id='line_1_38' title="bbox 344 3386 2269 3442; baseline 0 -12"><span class='ocrx_word' id='word_1_291' title='bbox 344 3389 390 3430; x_wconf 84' lang='lat' dir='ltr'>la</span> <span class='ocrx_word' id='word_1_292' title='bbox 444 3399 530 3442; x_wconf 74' lang='lat' dir='ltr'>age</span> <span class='ocrx_word' id='word_1_293' title='bbox 589 3388 626 3431; x_wconf 70' lang='lat'>4.</span> <span class='ocrx_word' id='word_1_294' title='bbox 1411 3390 1452 3433; x_wconf 84' lang='lat'>8.</span> <span class='ocrx_word' id='word_1_295' title='bbox 1488 3388 2046 3431; x_wconf 72' lang='lat' dir='ltr'>Gallonii.P.Gallonius</span> <span class='ocrx_word' id='word_1_296' title='bbox 2065 3386 2269 3430; x_wconf 75' lang='lat' dir='ltr'>etaitnn</span> 
     </span>
     <span class='ocr_line' id='line_1_39' title="bbox 393 3399 2270 3497; baseline -0.001 -12"><span class='ocrx_word' id='word_1_297' title='bbox 393 3399 438 3485; x_wconf 51' lang='grc' dir='ltr'>ἐ.)</span> <span class='ocrx_word' id='word_1_298' title='bbox 466 3439 542 3482; x_wconf 71' lang='lat' dir='ltr'>Ad</span> <span class='ocrx_word' id='word_1_299' title='bbox 568 3443 835 3485; x_wconf 67' lang='lat' dir='ltr'>voluntatem</span> <span class='ocrx_word' id='word_1_300' title='bbox 857 3457 871 3482; x_wconf 94' lang='lat'>.·</span> <span class='ocrx_word' id='word_1_301' title='bbox 892 3441 1006 3487; x_wconf 81' lang='lat' dir='ltr'>c&#39;est</span> <span class='ocrx_word' id='word_1_302' title='bbox 1035 3453 1130 3485; x_wconf 89' lang='lat' dir='ltr'>une</span> <span class='ocrx_word' id='word_1_303' title='bbox 1165 3444 1250 3485; x_wconf 82' lang='lat' dir='ltr'>iro·</span> <span class='ocrx_word' id='word_1_304' title='bbox 1358 3443 1518 3486; x_wconf 83' lang='lat' dir='ltr'>crieur</span> <span class='ocrx_word' id='word_1_305' title='bbox 1551 3442 1727 3497; x_wconf 79' lang='lat' dir='ltr'>public,</span> <span class='ocrx_word' id='word_1_306' title='bbox 1752 3441 2025 3497; x_wconf 78' lang='lat' dir='ltr'>legendaire</span> <span class='ocrx_word' id='word_1_307' title='bbox 2061 3440 2180 3483; x_wconf 79' lang='lat' dir='ltr'>dans</span> <span class='ocrx_word' id='word_1_308' title='bbox 2217 3441 2270 3483; x_wconf 69' lang='lat' dir='ltr'>la</span> 
     </span>
    </p>
   </div>
   <div class='ocr_carea' id='block_1_12' title="bbox 341 3493 2270 3551">
    <p class='ocr_par' dir='ltr' id='par_1_14' title="bbox 341 3493 2270 3551">
     <span class='ocr_line' id='line_1_40' title="bbox 341 3493 2270 3551; baseline 0.001 -16"><span class='ocrx_word' id='word_1_309' title='bbox 341 3497 441 3540; x_wconf 84' lang='lat' dir='ltr'>nie:</span> <span class='ocrx_word' id='word_1_310' title='bbox 475 3496 516 3537; x_wconf 93' lang='lat' dir='ltr'>le</span> <span class='ocrx_word' id='word_1_311' title='bbox 547 3497 706 3538; x_wconf 82' lang='lat' dir='ltr'>crieur</span> <span class='ocrx_word' id='word_1_312' title='bbox 732 3495 831 3539; x_wconf 85' lang='lat' dir='ltr'>doit</span> <span class='ocrx_word' id='word_1_313' title='bbox 861 3497 1020 3550; x_wconf 79' lang='lat' dir='ltr'>parler</span> <span class='ocrx_word' id='word_1_314' title='bbox 1058 3497 1251 3540; x_wconf 82' lang='lat' dir='ltr'>suivant</span> <span class='ocrx_word' id='word_1_315' title='bbox 1357 3496 1676 3550; x_wconf 81' lang='lat' dir='ltr'>corporation.</span> <span class='ocrx_word' id='word_1_316' title='bbox 1734 3497 1799 3539; x_wconf 82' lang='lat' dir='ltr'>Le</span> <span class='ocrx_word' id='word_1_317' title='bbox 1855 3495 1991 3551; x_wconf 78' lang='lat' dir='ltr'>poete</span> <span class='ocrx_word' id='word_1_318' title='bbox 2048 3493 2270 3537; x_wconf 80' lang='lat' dir='ltr'>Lucilius</span> 
     </span>
    </p>
   </div>
   <div class='ocr_carea' id='block_1_13' title="bbox 343 3548 2271 3661">
    <p class='ocr_par' dir='ltr' id='par_1_15' title="bbox 343 3548 2271 3661">
     <span class='ocr_line' id='line_1_41' title="bbox 343 3548 2271 3661; baseline -0.001 -72"><span class='ocrx_word' id='word_1_319' title='bbox 343 3549 388 3590; x_wconf 74' lang='lat' dir='ltr'>la</span> <span class='ocrx_word' id='word_1_320' title='bbox 407 3548 597 3591; x_wconf 71' lang='lat' dir='ltr'>volontci</span> <span class='ocrx_word' id='word_1_321' title='bbox 619 3549 675 3592; x_wconf 90' lang='lat' dir='ltr'>de</span> <span class='ocrx_word' id='word_1_322' title='bbox 697 3561 818 3592; x_wconf 86' lang='lat' dir='ltr'>ceux</span> <span class='ocrx_word' id='word_1_323' title='bbox 833 3549 916 3604; x_wconf 78' lang='lat' dir='ltr'>qui</span> <span class='ocrx_word' id='word_1_324' title='bbox 940 3550 1247 3604; x_wconf 80' lang='lat' dir='ltr'>l’emploicnt.</span> <span class='ocrx_word' id='word_1_325' title='bbox 1356 3550 1595 3661; x_wconf 42' lang='lat' dir='ltr'>gzgsspelait</span> <span class='ocrx_word' id='word_1_326' title='bbox 1626 3563 1681 3591; x_wconf 75' lang='lat' dir='ltr'>un</span> <span class='ocrx_word' id='word_1_327' title='bbox 1703 3550 1875 3604; x_wconf 74' lang='lat' dir='ltr'>qouffre</span> <span class='ocrx_word' id='word_1_328' title='bbox 1896 3548 2107 3602; x_wconf 60' lang='lat' dir='ltr'>(qum-ses),</span> <span class='ocrx_word' id='word_1_329' title='bbox 2138 3548 2271 3609; x_wconf 65' lang='lat' dir='ltr'>inca-</span> 
     </span>
    </p>
   </div>
   <div class='ocr_carea' id='block_1_14' title="bbox 392 3602 2266 3660">
    <p class='ocr_par' dir='ltr' id='par_1_16' title="bbox 392 3602 2266 3660">
     <span class='ocr_line' id='line_1_42' title="bbox 392 3602 2266 3660; baseline 0.001 -16"><span class='ocrx_word' id='word_1_330' title='bbox 392 3602 431 3644; x_wconf 89' lang='lat'>6.</span> <span class='ocrx_word' id='word_1_331' title='bbox 470 3602 783 3660; x_wconf 65' lang='lat' dir='ltr'>Transferqere.</span> <span class='ocrx_word' id='word_1_332' title='bbox 840 3603 1055 3648; x_wconf 84' lang='lat' dir='ltr'>Allusion</span> <span class='ocrx_word' id='word_1_333' title='bbox 1109 3605 1136 3645; x_wconf 77' lang='grc' dir='ltr'>ἐι</span> <span class='ocrx_word' id='word_1_334' title='bbox 1202 3604 1248 3645; x_wconf 82' lang='lat' dir='ltr'>la</span> <span class='ocrx_word' id='word_1_335' title='bbox 1370 3643 1373 3644; x_wconf 17' lang='lat'><em>⁷</em></span> <span class='ocrx_word' id='word_1_336' title='bbox 1416 3637 1417 3640; x_wconf 16' lang='grc' dir='ltr'>η</span> <span class='ocrx_word' id='word_1_337' title='bbox 1470 3613 1495 3647; x_wconf 83' lang='lat' dir='ltr'>e</span> <span class='ocrx_word' id='word_1_338' title='bbox 1520 3604 1577 3646; x_wconf 85' lang='lat' dir='ltr'>de</span> <span class='ocrx_word' id='word_1_339' title='bbox 1602 3603 1724 3646; x_wconf 76' lang='lat' dir='ltr'>faire</span> <span class='ocrx_word' id='word_1_340' title='bbox 1746 3613 1814 3645; x_wconf 86' lang='lat' dir='ltr'>un</span> <span class='ocrx_word' id='word_1_341' title='bbox 1844 3603 1934 3645; x_wconf 87' lang='lat' dir='ltr'>bon</span> <span class='ocrx_word' id='word_1_342' title='bbox 1956 3611 2109 3658; x_wconf 66' lang='lat' dir='ltr'>repas»,</span> <span class='ocrx_word' id='word_1_343' title='bbox 2137 3611 2266 3645; x_wconf 76' lang='lat' dir='ltr'>mais</span> 
     </span>
    </p>
   </div>
   <div class='ocr_carea' id='block_1_15' title="bbox 2546 2766 2555 3322">
    <p class='ocr_par' dir='ltr' id='par_1_17' title="bbox 2546 2766 2555 3322">
     <span class='ocr_line' id='line_1_43' title="bbox 2546 2766 2555 3322; baseline 0 0"><span class='ocrx_word' id='word_1_344' title='bbox 2546 2766 2555 3322; x_wconf 95' lang='lat' dir='ltr'> </span> 
     </span>
    </p>
   </div>
  </div>
 </body>
</html>
