2570 4026
284 338 402 396 264
551 351 661 395 m-:s
707 347 1002 393 variamus
1047 347 1169 391 Aux
1212 347 1500 403 mscouas
1544 349 1950 394 consummas

283 493 347 549 et
368 488 597 565 capitis
615 484 990 564 periculum
1018 485 1394 556 ostentarat,
1419 487 1483 543 et
1504 485 1785 546 ‘alterum
1806 486 1886 544 Α.
1902 484 2212 558 Aurium,
2232 519 2241 524 ·
2266 503 2285 532 ’ν

285 583 349 638 et
391 577 536 655 ejus
581 579 647 635 L.
685 576 915 649 filium,
952 578 1016 633 et
1044 573 1188 633 Sex.
1223 572 1512 648 Vibium,
1547 592 1676 652 quo
1714 575 2055 652 sequestre
2093 577 2108 610 ¹
2148 576 2217 634 in
2284 603 2295 612 ’

283 667 398 727 illo
455 666 666 726 indice
719 661 1199 740 corrumpendo
1255 661 1590 723 dicebatur
1640 681 1785 725 esse
1840 682 2026 738 usuS,
2070 682 2224 742 pro-

285 755 716 817 scribendos2
774 752 1392 829 interficiendosque
1442 757 1719 814 curaret.
1777 754 2021 831 Itaque,
2084 753 2216 813 illis

284 846 738 906 crudelissime
791 840 1338 916 interfectiS,non
1390 842 1707 904 mediocri
1759 843 1837 902 ab
1893 861 1970 903 eo
2016 844 2214 903 ceteri
2278 867 2291 898 2

282 934 781 1014 proscriptionis
825 936 885 991 et
930 931 1159 991 mortis
1193 935 1373 992 metu
1420 933 1828 992 tenebantur.
1867 934 1978 992 His
2011 933 2207 993 rebus
2276 977 2283 986 .

256 1025 352 1084 -in
384 1041 578 1085 causa
603 1022 987 1100 judicioque
1045 1020 1410 1098 patefactis,
1463 1020 1612 1099 quis
1676 1025 1774 1081 est
1833 1020 1945 1099 qui
2018 1021 2208 1081 illum
2276 1071 2285 1074 ,

285 1113 533 1174 absolvi
567 1112 858 1189 potuisse
889 1110 1273 1170 arbitretur?

365 1231 468 1288 IX.
516 1231 721 1306 Atque
754 1229 893 1287 haec
924 1244 1120 1304 parva
1163 1230 1321 1286 sunt
1355 1246 1367 1287 :
1404 1227 1778 1305 cognoscite
1834 1226 2104 1303 reliqua,
2138 1230 2212 1286 ut

286 1336 418 1379 non
467 1316 817 1395 aliquando
865 1316 1375 1376 condemnatum
1432 1334 1576 1377 esse
1608 1316 2058 1394 Oppianicum,
2093 1315 2207 1375 sed
2274 1311 2283 1320 '

287 1407 691 1484 aliquamdiu
723 1407 1121 1466 incolumem
1155 1405 1357 1466 fuisse
1390 1406 1744 1466 miremini.
2272 1403 2279 1408 '

365 1498 463 1556 26.
512 1497 806 1556 Primum
835 1494 1043 1556 videte
1083 1495 1372 1555 hominis
1419 1495 1779 1556 audaciam.
1829 1493 2116 1554 Sassiam
2144 1494 2210 1554 in
2244 1489 2250 1494 ’

288 1585 778 1646 matrimonium
834 1585 1092 1658 ducere,
1154 1584 1365 1645 Habiti
1428 1588 1727 1660 matrem,
1784 1584 1965 1643 illam
2024 1583 2212 1661 cujus
2262 1585 2275 1594 ⁴

288 1675 500 1735 virum
531 1674 603 1734 Α.
638 1674 909 1733 Aurium
950 1671 972 1725 ⁸.
1012 1674 1357 1748 occiderat,
1391 1673 1782 1750 concupivit.
1830 1675 2060 1733 Utrum
2097 1674 2217 1732 im-

289 1764 634 1840 pudentior
662 1763 790 1836 hic,
820 1762 932 1839 qui
961 1763 1268 1841 postulet,
1301 1780 1383 1823 an
1403 1763 1731 1823 crudelior
1756 1762 1889 1829 illa.
1916 1761 2209 1833 sinubat,
2302 1783 2311 1787 ·

290 1852 552 1912 difficile
581 1852 756 1911 dictu
784 1856 903 1911 est.
940 1851 1063 1934 Sed
1093 1856 1313 1911 tamen
1358 1852 1701 1928 utriusque
1741 1851 2214 1911 humanitatem

291 1941 854 2019 constantiamque
895 1941 1292 2020 cognoscite.
1342 1943 1441 2003 27.
1495 1941 1661 2001 Petit
1708 1941 2102 2019 Oppianicus
2143 1945 2216 2000 ut

291 2033 413 2092 sibi
471 2030 686 2092 Sassia
738 2032 959 2105 nubat,
1004 2035 1068 2091 et
1112 2031 1175 2090 id
1225 2048 1622 2109 magnopere
1679 2030 2032 2091 contendit.
2095 2030 2249 2090 Illa*

291 2127 509 2182 autem
553 2138 687 2180 non
733 2119 1092 2185 admiratur
1138 2114 1499 2194 audaciam,
1548 2137 1679 2179 non
1738 2119 2211 2196 impudentiam

289 2213 691 2287 aspernatur,
726 2226 856 2268 non
889 2208 1167 2287 denique
1199 2209 1381 2269 illam
1412 2208 1742 2286 Oppianici
1775 2208 2067 2282 domum,
2090 2209 2211 2267 viri

292 2299 392 2358 sui
448 2299 763 2375 sanguine
823 2297 1320 2368 redundantem,
1386 2297 1801 2369 reformidat}
1865 2296 1978 2367 sed
2036 2297 2211 2374 quod

289 2388 557 2448 haberet
590 2391 722 2446 tres
766 2386 876 2446 ille
908 2387 1102 2460 filios,
1138 2386 1380 2447 idcirco
1431 2404 1501 2448 se
1547 2386 1625 2445 ab
1662 2385 1743 2445 iis
1799 2386 2047 2463 nuptiis
2086 2386 2211 2445 ab·

289 2476 551 2536 horrere
580 2475 937 2553 respondit.
972 2475 1390 2552 OppianicuS,
1443 2475 1555 2552 qui
1584 2475 1930 2551 pecuniam
1977 2474 2235 2535 Sassiae·

291 2564 792 2641 concupivisset,
826 2564 1020 2623 domo
1054 2563 1179 2624 sibi
1210 2564 1632 2641 quaerendum
1654 2562 2018 2624 remedium
2046 2562 2251 2623 exis-s

288 2653 542 2713 timavit
571 2652 649 2712 ad
682 2669 825 2712 eam
851 2669 1126 2725 moram,
1156 2670 1299 2730 quae
1318 2653 1564 2730 nuptiis
1596 2652 2002 2712 afferebatur.
2023 2653 2208 2727 Nam,
2244 2710 2253 2717 ,

291 2759 442 2801 cum
464 2742 730 2802 haberet
747 2758 824 2800 ex
840 2741 1042 2800 Novia
1063 2741 1379 2801 infantem
1398 2742 1628 2814 filium,
1646 2742 1805 2801 alter
1825 2744 2043 2801 autem
2066 2740 2211 2817 ejus

291 2831 485 2906 filius,
522 2831 719 2908 Papia
747 2834 939 2890 natus
962 2830 1151 2890 Teani
1184 2830 1377 2907 Apuli
1407 2831 1451 2903 ⁴,
1486 2829 1661 2907 quod
1700 2830 1882 2890 abest
1913 2847 1950 2890 a
1979 2830 2212 2890 Larino

344 2981 384 3025 1.
412 2981 664 3035 sequestre.
687 2980 751 3023 Le
774 2978 1018 3034 sequestre
1048 2983 1120 3023 est
1149 2979 1198 3022 la
1357 2979 1398 3024 3.
1429 2980 1487 3022 A.
1517 2980 1721 3021 Aurium.
1754 2980 1920 3023 Sassia
1947 2980 2077 3023 avait
2103 2976 2180 3023 de·
2206 2990 2209 2991 ⁷

291 3034 437 3079 tierce
475 3045 713 3089 personne
755 3033 958 3088 chargee
999 3033 1055 3077 de
1100 3045 1198 3076 cor·
1306 3032 1482 3088 epouse
1502 3034 1748 3077 Cluentius
1768 3034 1993 3084 Habitus,
2016 3032 2126 3087 pere
2188 3044 2214 3076 e

292 3099 483 3186 ἒῖἒρὲἳ
524 3088 685 3185 ὲῖῗηῗ
717 3097 789 3184 33²
815 3084 1197 3184 lississssoeleeuii‘.
1306 3087 2212 3202 {ranis..5‘p1a1-3u151122013153ffi13‘

291 3174 449 3250 quel'le
469 3198 540 3238 est
560 3193 733 3248 depose
760 3193 974 3248 largent,
1001 3196 1109 3247 prix
1138 3195 1195 3238 de
1308 3196 1393 3237 Cet
1432 3196 1483 3236 A.
1525 3195 1706 3237 Aurius
1746 3194 1958 3237 Melinus
2004 3205 2067 3237 ne
2115 3192 2235 3236 doit'

291 3250 337 3291 la
373 3250 669 3302 corruption.
696 3271 749 3279 —
774 3247 1071 3301 Oppianicus
1119 3259 1197 3291 en·
1307 3258 1393 3302 pas
1421 3248 1518 3291 etre
1548 3247 1592 3291 le
1621 3247 1775 3290 meme
1813 3258 1906 3301 que
1945 3248 1988 3290 le
2030 3248 2100 3289 vir
2138 3259 2230 3294 ean,

292 3303 430 3357 globe
472 3302 594 3345 dans
638 3311 713 3344 ses
743 3310 1045 3355 vengeances
1089 3304 1194 3345 tous
1298 3301 1480 3355 periens
1501 3304 1545 3343 et
1564 3300 1715 3355 fortis,
1737 3301 1861 3353 (voir
1890 3301 1938 3342 la
1965 3304 2076 3344 note
2098 3298 2126 3342 6
2153 3299 2212 3343 de

290 3367 411 3399 ceux
442 3357 525 3410 qui
561 3356 774 3397 tiennent
802 3354 859 3397 de
890 3353 998 3416 pres
1036 3365 1099 3398 ou
1139 3355 1196 3399 de
1304 3355 1354 3397 la
1385 3365 1429 3408 p.
1451 3353 1564 3407 262),
1590 3354 1671 3408 qui
1704 3349 1963 3397 adenonce
1987 3354 2212 3408 Oppiani-

291 3410 388 3452 loin
429 3408 458 3450 a
494 3408 543 3451 la
581 3408 767 3451 famille
807 3407 923 3462 qu'il
963 3410 1075 3452 veut
1120 3408 1196 3453 de·
1305 3418 1423 3458 cus;
1459 3409 1671 3451 Melinus
1701 3409 1776 3451 est
1805 3418 1869 3449 un
1901 3409 2035 3451 autre
2065 3414 2212 3449 mem-

289 3463 511 3516 pouiller.
1303 3463 1387 3505 bre
1418 3460 1474 3504 de
1504 3462 1551 3504 la
1580 3461 1782 3504 famille.

340 3513 382 3558 2.
413 3513 780 3556 Proscribendoa.
810 3516 927 3558 Voir
957 3515 1006 3558 la
1033 3519 1144 3560 note
1168 3518 1190 3558 1
1359 3513 1398 3557 4.
1434 3514 1572 3556 Teani
1599 3513 1752 3567 Apuli.
1786 3515 2002 3558 Teanum
2030 3513 2239 3567 &Apu-¹

291 3567 348 3611 de
375 3569 424 3610 la
471 3578 514 3621 p.
556 3566 601 3610 6.
637 3568 704 3610 La
743 3571 870 3612 mort
910 3570 1090 3614 suivait
1134 3570 1194 3614 de
1302 3568 1381 3618 lie,
1413 3568 1525 3611 ville
1554 3567 1812 3611 voisinede
1844 3567 2157 3618 Larinum3il
2182 3578 2229 3622 y-

292 3620 398 3674 pres
429 3620 476 3662 la
504 3621 843 3674 proscription.
1304 3623 1448 3672 avait,
1480 3633 1539 3664 en
1570 3622 1850 3674 Campania,
1882 3631 1968 3662 sur
2017 3621 2063 3663 la
2100 3621 2209 3663 voie
