2570 4026
630 332 678 394 ι’
713 355 741 386 «
777 348 948 392 Acrlo
992 348 1261 396 securem
1304 351 1365 396 IN
1407 351 1459 394 e.
1510 350 1758 393 vennam
1794 357 1822 386 »
2068 333 2180 396 211
2230 379 2233 382 ,

272 489 578 564 tanquam
606 502 645 545 e
671 485 896 562 proelio
926 484 1310 555 auferretur,
1346 484 1514 546 alius
1554 490 1865 562 tanquam
1928 484 2187 550 occisus

270 576 774 653 relinqueretur3
807 574 1096 652 plerique
1124 578 1217 634 ·ut
1272 574 1401 635 susi
1446 576 1587 635 sine
1625 578 1864 647 mente,
1921 592 1995 635 ac
2049 576 2188 636 sine
2234 573 2238 578 ”

270 666 400 725 ullo
448 682 649 725 sensu
686 664 998 741 jacerent,
1038 668 1126 728 ,ut
1159 664 1373 742 quivis
1414 682 1564 725 cum
1594 664 2021 743 adspexisset,
2056 682 2188 724 non

272 773 340 815 se
371 754 668 832 praetoris
727 754 1123 827 convivium,
1179 754 1296 818 sed
1338 759 1409 815 ut
1448 755 1849 818 Cannensem
1903 770 2188 832 pugnam

269 844 577 922 nequitiae
598 845 615 877 ¹
650 841 868 902 videre
897 843 1336 903 arbitraretur.

348 969 481 1028 XII.
539 970 638 1027 29.
697 968 857 1028 Cum
906 985 1059 1027 vero
1118 965 1624 1029 aestas'summa
1681 985 1826 1055 esse
1883 971 2184 1045 coeperat,

270 1058 442 1137 quod
471 1062 731 1139 tempus
759 1074 986 1117 omnes
1013 1057 1245 1117 Siciliae
1279 1075 1538 1138 semper
1568 1062 1875 1136 praetores
1907 1057 1972 1116 in
2003 1057 2197 1117 itine·.

268 1149 449 1209 ribus
481 1163 867 1208 consumere
910 1152 1410 1218 consueverunt,
1454 1150 1797 1225 propterea
1844 1146 2018 1225 quod
2053 1149 2189 1205 tum

267 1241 498 1316 putant
529 1236 896 1297 obeundam
945 1254 1088 1297 esse
1128 1237 1411 1298 maxime
1459 1236 1885 1314 provinciam,
1931 1253 2082 1296 eum
2123 1235 2189 1293 in

270 1327 438 1387 areis
479 1326 803 1385 frumenta
842 1332 1014 1399 sunt,
1059 1325 1232 1403 quod
1273 1330 1336 1384 et
1380 1323 1642 1385 familiae
1693 1329 2185 1403 congregantur,

271 1419 333 1477 et
386 1414 768 1491 magnitudo
829 1415 1076 1474 servitii
1135 1414 1548 1492 perspicitur,
1617 1419 1680 1474 et
1732 1414 1914 1474 labor
1969 1413 2185 1492 operis

268 1505 552 1564 maxime
594 1503 879 1575 offendit,
927 1509 990 1564 et
1027 1503 1338 1564 frumenti
1371 1503 1556 1580 copia
1587 1506 1983 1576 commonet,
2018 1509 2187 1563 tem-

268 1612 392 1673 pus
430 1594 580 1653 anni
629 1610 759 1652 non
815 1593 1132 1670 impedit:
1167 1597 1330 1665 tum,
1378 1593 1667 1670 inquam,
1721 1595 1871 1652 cum
1925 1610 2193 1652 concur-

272 1688 416 1744 sant
477 1683 670 1743 ceteri
709 1687 1043 1760 praetores,
1091 1683 1212 1742 iste
1269 1699 1464 1753 novo
1493 1682 1776 1760 quodam
1826 1700 1901 1741 ex
1954 1698 2190 1759 genere

270 1774 646 1851 imperator,
701 1772 1144 1850 pulcherrimo
1207 1770 1677 1849 Syracusarum
1745 1773 1887 1832 loco
1959 1765 2192 1832 stativa

274 1861 396 1921 sibi
427 1862 680 1921 castra²
711 1861 1004 1920 faciebat.
1040 1861 1138 1920 30.
1174 1862 1336 1920 Nam
1365 1860 1433 1920 in
1462 1860 1607 1938 ipso
1638 1859 1815 1920 aditu
1856 1865 2044 1937 atque
2082 1878 2190 1920 ore

271 1955 518 2029 portUS,
554 1951 664 2010 ubi
702 1950 990 2029 primum
1031 1966 1108 2009 ex
1143 1948 1273 2009 alto
1307 1950 1489 2009 sinus
1517 1950 1595 2010 ab
1627 1949 1810 2009 litore
1841 1949 1921 2010 ad
1962 1949 2190 2010 urbem

273 2041 642 2110 inflectitur,
678 2039 1096 2100 tabernacula
1134 2040 1461 2100 carbaseis
1504 2039 1746 2099 intenta
1796 2040 1959 2099 velis
1999 2039 2192 2099 collo-

273 2131 479 2190 cabat.
528 2131 663 2190 Huc
714 2148 791 2188 ex
840 2129 951 2188 illa
988 2128 1183 2188 domo
1222 2129 1545 2206 praetoria,
1590 2147 1731 2206 quae
1772 2129 1942 2204 regis
1974 2129 2192 2189 Hiero-

272 2219 371 2279 nis
397 2222 418 2254 a
448 2219 590 2285 fuit,
628 2220 721 2279 sic
753 2218 1132 2295 emigrabat,
1188 2223 1259 2279 ut
1294 2236 1446 2279 eum
1496 2236 1610 2296 per
1641 2219 1786 2278 illos
1817 2217 1956 2277 dies
1996 2234 2189 2277 nemo

275 2311 455 2368 extra
480 2307 664 2367 illum
687 2308 905 2367 locum
935 2307 1152 2367 videre
1173 2312 1420 2385 posset.
1452 2308 1524 2367 In
1552 2325 1702 2368 eum
1725 2310 1941 2367 autem
1973 2307 2191 2384 ipsum

272 2399 491 2458 locum
543 2396 754 2457 aditus
795 2403 931 2456 erat
982 2396 1252 2468 nemini,
1310 2398 1440 2456 nisi
1492 2397 1601 2474 qui
1646 2399 1756 2456 aut
1813 2396 2031 2457 socius
2085 2399 2193 2455 aut

204 2528 209 2533 ²
273 2486 573 2546 minister
604 2485 892 2546 libidinis
925 2502 1068 2547 esse
1117 2490 1362 2563 posset.
1412 2489 1550 2546 Huc
1582 2503 1811 2546 omnes
1855 2485 2187 2557 muliereS,

274 2576 668 2654 quibuscum
700 2576 820 2636 iste
862 2580 1311 2649 consueverat,
1365 2576 1860 2648 conveniebant,
1908 2592 2187 2653 quarum

274 2664 652 2726 incredibile
703 2668 802 2724 est
851 2670 1091 2742 quanta
1154 2664 1507 2726 multitudo
1564 2664 1759 2726 fuerit
1816 2665 2189 2742 Syracusis3

275 2754 756 2814 huc-homines
805 2753 984 2830 digni
1041 2754 1232 2814 istius
1294 2755 1609 2827 amicitia,
1665 2754 1841 2831 digni
1900 2753 2032 2813 vita
2082 2752 2194 2813 illa

262 2843 728 2920 -conviviisque
782 2843 1146 2903 veniebant.
1218 2844 1393 2905 Inter
1450 2843 1591 2920 ejus
1658 2844 1837 2904 modi
1903 2844 2077 2903 viros
2131 2847 2195 2904 et

274 2933 619 3005 mulieres,
676 2932 893 2994 adulta
942 2937 1128 2994 aetate
1181 2933 1356 2994 filius
1421 2935 1820 3007 versabatur,
1894 2939 1965 2993 ut
2016 2950 2189 3009 eum,

275 3020 530 3081 etiarnsi
557 3026 786 3082 natura
815 3039 851 3081 a
880 3022 1168 3101 parentis
1208 3022 1633 3087 similitudine
1666 3023 2007 3101 abriperet,
2042 3040 2194 3083 con-

325 3210 370 3250 1.
418 3208 693 3251 Cannensem
714 3221 909 3262 pugnam
950 3210 1177 3263 nequitiae.
1294 3209 1541 3254 frontiere.
1591 3211 1776 3265 Emploi
1819 3211 2038 3264 irouique
2081 3211 2191 3254 d'un

274 3259 439 3305 C'etait
461 3271 580 3316 pour
595 3261 666 3304 les
688 3259 958 3305 debauches
978 3263 1183 3306 vaincus
1296 3265 1442 3307 terme
1467 3264 1524 3307 de
1550 3265 1597 3307 la
1622 3265 1794 3320 langue
1815 3264 2062 3309 militaire.

274 3325 360 3368 par
380 3315 425 3358 le
441 3317 524 3357 vin
540 3316 677 3370 (pour
702 3316 744 3358 le
771 3326 880 3359 sens
906 3316 1031 3358 dene
1063 3329 1177 3369 uam,
1343 3315 1389 3361 8.
1415 3318 1551 3371 Reyis
1575 3317 1807 3359 Hieronis.
1835 3318 1924 3361 Roi
1956 3316 2013 3360 de
2052 3319 2193 3371 Syra-

272 3370 377 3411 voir
392 3369 440 3411 la
456 3371 565 3411 note
585 3368 612 3410 2
627 3368 684 3411 de
705 3370 752 3412 la
767 3367 912 3425 paee)
927 3381 993 3415 un
1011 3381 1035 3412 c
1072 3381 1181 3425 amp
1291 3381 1406 3413 cuse
1429 3371 1485 3413 de
1509 3373 1590 3414 269
1604 3371 1632 3414 a
1651 3373 1745 3420 215,
1769 3368 1948 3414 Hieron
1971 3373 2102 3414 avait
2117 3369 2189 3415 ete

277 3420 334 3484 de
374 3422 568 3484 bataille
607 3423 738 3465 aussi
777 3419 1059 3466 desastreux
1089 3434 1180 3477 que
1291 3420 1432 3467 l'allie
1461 3423 1597 3468 fidele
1617 3425 1675 3467 de
1691 3426 1841 3468 Rome
1856 3425 1979 3478 <voir
2004 3435 2048 3518 p.
2076 3425 2189 3478 188).

272 3474 286 3516 l
307 3476 435 3517 avait
455 3472 526 3517 ete
556 3474 600 3517 le
616 3475 787 3529 champ
811 3476 869 3518 de
895 3477 1089 3521 bataille
1119 3477 1174 3519 de
1285 3479 1383 3519 Son
1403 3478 1572 3530 paleis,
1593 3477 1714 3521 sitne
1734 3478 1998 3521 dansl’insn
2020 3491 2048 3518 a
2078 3480 2191 3519 unie

273 3528 461 3571 cannes
488 3538 607 3582 pour
634 3526 824 3573 l'armee
854 3531 1088 3574 romaine.
1285 3530 1314 3573 a
1339 3530 1507 3572 laville
1547 3534 1850 3585 proprement
1878 3531 1972 3572 dite
2000 3542 2085 3583 par
2125 3543 2188 3572 un

326 3580 372 3627 2.
426 3582 611 3625 Stativa
656 3587 826 3627 castra.
878 3585 968 3626 Les
1013 3594 1116 3626 cam
1153 3595 1174 3625 s
1284 3586 1413 3637 pont,
1467 3585 1644 3626 servait
1708 3584 1765 3626 de
1830 3581 2074 3625 residence
2126 3594 2187 3624 au

272 3635 583 3689 permanente
626 3630 795 3680 etablis
825 3636 867 3680 le
906 3637 1019 3692 long
1047 3638 1105 3681 de
1121 3595 1176 3680 qa
1288 3646 1588 3691 gouverneur
1617 3638 1825 3680 romain.
