2570 4026
1010 325 1115 368 Lus
1158 324 1569 393 cATmNAlREs
2125 309 2246 367 313

329 463 469 519 tum
496 458 915 536 Allobrogum
950 460 1401 537 populumque
1441 460 1692 519 litterae.
1727 459 1792 519 Si
1830 476 1914 536 qu

308 550 525 609 .rebus
557 547 770 609 dicere
796 548 1015 626 vellet,
1048 547 1173 609 feci
1200 552 1612 626 potestatem.
1657 550 1862 625 Atque
1900 549 1918 606 i

331 638 596 715 quidem
625 638 911 714 negavit3
949 642 1097 715 post
1127 641 1346 697 autem
1391 638 1747 715 aliquanto,
1794 641 1920 697 toto

329 727 497 788 dicio
530 727 821 804 exposito
849 731 1043 804 atque
1073 727 1269 801 edito,
1298 728 1608 801 surrexit3
1643 727 1920 805 quaesivi⁴

326 816 478 894 quid
511 816 636 876 sibi
670 821 842 876 esset
876 833 1029 878 cum
1055 816 1159 888 iis,
1193 833 1389 893 quam
1434 815 1516 876 ob
1573 834 1712 876 rem
1764 817 1920 876 dom*

325 906 655 965 venissent
700 905 987 981 itemque
1032 922 1068 965 a
1107 906 1459 965 Volturcio.
1491 906 1611 976 Qui
1644 922 1790 965 cum
1837 904 1920 963 illi

319 989 823 1071 vconstanterque
850 992 1370 1070 respondissent,
1395 1009 1508 1069 per
1539 1010 1735 1070 quem
1768 993 1846 1052 ad
1878 1009 1920 1052 e¹

325 1084 621 1160 tiensque
669 1083 1024 1156 venissent,
1084 1082 1604 1160 quaesissentque
1686 1083 1764 1142 ab
1835 1099 1920 1142 eo

329 1191 563 1233 secum.
599 1178 774 1234 esset
803 1174 879 1235 de
916 1173 1067 1232 fatis
1100 1172 1432 1251 Sibyllinis
1473 1173 1754 1246 locutus,
1803 1176 1920 1231 tun

329 1262 486 1336 bito,
531 1264 774 1323 scelere
823 1262 1119 1335 demens,
1169 1267 1410 1339 quanta
1458 1261 1868 1322 conscientiae
1910 1280 1920 1298 ¹

329 1350 631 1412 ostendit.
662 1344 857 1424 Nam,
881 1368 1032 1412 cum
1057 1351 1123 1410 id
1146 1355 1369 1429 posset
1399 1352 1688 1425 infitiari,
1721 1368 1919 1428 repen

326 1440 702 1517 opinionem
734 1441 1031 1501 omnium
1062 1442 1403 1501 confessus
1438 1445 1551 1499 est.
1581 1442 1675 1500 lta
1706 1458 1856 1501 eum
1886 1457 1920 1499 n

324 1529 658 1608 ingenium
708 1530 889 1602 illud,
931 1534 994 1589 et
1042 1529 1301 1590 dicendi
1358 1530 1756 1603 exercitatio,
1809 1547 1920 1606 que

322 1620 543 1693 valuit,
595 1618 928 1679 sed-etiam
950 1624 1214 1697 propter
1242 1620 1379 1679 vim
1413 1619 1677 1680 sceleris
1699 1618 1920 1677 manif«

318 1706 724 1786 deprehensi,
772 1709 1199 1786 impudentia,
1238 1726 1366 1785 qua
1412 1709 1759 1786 superabat
1813 1726 1920 1768 om

317 1794 733 1874 probitasque
760 1796 1021 1856 defecit.

400 1894 500 1953 12.
547 1893 917 1955 Volturcius
976 1911 1125 1955 vero
1182 1895 1399 1956 subito
1442 1895 1708 1956 litteras
1740 1895 1920 1973 profe

321 1983 557 2062 aperiri
585 1983 792 2062 jubet,
826 2001 986 2062 quas
1019 1984 1143 2045 sibi
1176 2002 1213 2044 a
1241 1982 1512 2045 Lentulo
1558 1985 1636 2045 ad
1682 1985 1920 2046 Catilin:

321 2089 467 2133 esse
517 2073 791 2134 dicebat.
826 2075 1042 2151 Atque„
1080 2074 1169 2134 ibi
1210 2075 1786 2135 vehementissime
1817 2092 1920 2153 pel

323 2163 659 2236 LentuluS,
693 2167 911 2225 tamen
930 2167 995 2230 et
1015 2163 1276 2241 signum
1301 2168 1364 2223 et
1383 2182 1656 2224 manum
1687 2180 1876 2224 suam
1906 2183 1920 2222 ι

319 2253 514 2311 Erant
560 2256 780 2313 autem
832 2252 971 2312 sine
1015 2253 1278 2312 nomine
1313 2256 1354 2327 ¹,
1393 2253 1507 2313 sed
1547 2253 1636 2313 ita
1670 2268 1684 2312 :
1723 2251 1871 2325 Quis
1917 2298 1920 2306 .

322 2359 397 2399 ew
426 2359 492 2399 eo
524 2361 699 2422 quem
730 2340 817 2402 ad
844 2351 899 2401 te
928 2341 1087 2401 misi.
1126 2340 1295 2402 Cura
1324 2352 1391 2400 ut
1422 2342 1517 2400 vir
1554 2343 1658 2417 sig,
1699 2352 1778 2411 et,
1819 2360 1920 2421 ⁶09

319 2428 384 2488 in
418 2427 613 2489 locum
642 2431 724 2490 sis
750 2449 1132 2511 proqressus.
1175 2429 1321 2490 Vide
1347 2429 1564 2511 ecquid
1587 2430 1700 2490 tibi
1712 2430 1854 2510 jam
1874 2430 1920 2489 si

321 2525 376 2577 et
414 2538 564 2578 cura
602 2529 671 2578 ut
710 2520 979 2580 omnium
1028 2518 1142 2579 tibi
1188 2518 1438 2580 auxilia
1488 2518 1816 2600 adfirmas,
1853 2527 1920 2580 εἰ

317 2626 585 2668 morum.

396 2699 707 2759 Gabinius
725 2698 955 2759 deinde
969 2698 1400 2774 introductUS,
1419 2715 1571 2760 cum
1588 2699 1797 2778 primo
1816 2700 1920 2777 im]

314 2787 703 2865 respondere
746 2788 1071 2866 coepisset,
1114 2787 1194 2848 ad
1242 2793 1605 2849 extremum
1636 2789 1798 2848 nihil
1827 2807 1905 2850 ex

314 2876 474 2936 Galli
500 2876 989 2952 insimulabant,
1024 2877 1310 2954 negavit.

395 2975 490 3033 13.
524 2975 612 3035 Ac
645 2975 805 3035 mihi
841 2975 1126 3052 quidem,
1166 2975 1470 3051 Quirites,
1499 2995 1654 3039 cum
1701 2978 1812 3039 illa
1862 2995 1920 3038 cc:

313 3062 453 3123 visa
496 3070 648 3125 sunt
689 3069 1069 3143 argumenta
1103 3069 1294 3142 atque
1325 3066 1564 3127 indicia
1608 3068 1891 3140 sceleriS,

313 3150 518 3229 signa,
544 3173 802 3231 manUS,
835 3155 1116 3233 denique
1141 3155 1340 3215 unius
1363 3157 1682 3234 cujusque
1704 3157 1920 3218 confes

311 3242 518 3302 multo
556 3244 833 3304 certiora
866 3244 993 3316 illa,
1032 3245 1228 3316 color,
1264 3244 1458 3317 oculi,
1493 3247 1731 3320 vultus,
1783 3247 1920 3307 tacit

311 3329 416 3389 Sic
454 3333 631 3393 enim
678 3334 1164 3411 obstupuerant,
1199 3332 1295 3393 sic
1334 3336 1577 3395 terram
1624 3335 1920 3397 intueban

368 3491 405 3532 1.
434 3489 542 3533 Sine
575 3491 763 3534 nomine.
797 3493 835 3535 11
858 3503 1079 3548 meaque,
1106 3491 1134 3535 a
1159 3493 1208 3536 la
1315 3493 1405 3536 Ces
1448 3494 1576 3538 deux
1617 3506 1755 3537 noms
1804 3507 1854 3539 se
1899 3496 1920 3538 t:

309 3541 422 3592 fois,
448 3545 491 3587 le
520 3557 631 3588 nom
656 3546 714 3589 de
738 3546 861 3589 celui
908 3548 988 3600 qui
1015 3546 1131 3590 ecrit
1160 3548 1207 3590 et
1315 3549 1406 3590 tete
1429 3547 1486 3591 de
1534 3549 1661 3591 toute
1681 3548 1836 3601 lettre,
1864 3560 1905 3602 p.

311 3598 370 3640 de
392 3597 511 3640 celui
531 3598 558 3640 ἐι.
573 3601 653 3653 qui
674 3601 719 3641 la
733 3601 867 3642 lettre
879 3605 950 3642 est
971 3598 1205 3643 zulressae'ee.
1318 3601 1354 3641 A
1369 3601 1480 3641 ttico
1499 3602 1689 3642 salntem
1702 3635 1713 3646 ,

1890 3695 1906 3745 ί
1919 3731 1920 3735 ,
