2570 4026
341 280 460 339 298
867 294 971 338 Lus
1015 291 1299 338 mscouas
1345 292 1743 338 consummes

343 429 855 490 innumerabiles
880 428 1173 488 hostium
1196 429 1421 505 copias
1441 428 1510 487 in
1535 428 1717 488 Italia
1742 429 2043 502 fudisset,
2067 432 2262 505 atque

343 518 685 580 obsidione
711 536 850 579 rem
881 519 1213 596 publicam
1244 519 1607 593 liberasset,
1642 520 1863 578 omnia
1892 535 2009 579 sua
2035 535 2261 579 secum

344 626 475 669 una
519 608 833 670 moritura
879 608 1342 668 arbitrabatur.
1405 610 1548 668 Non
1595 613 1694 669 est
1746 609 1861 683 ita,
1926 609 2258 681 Quirites:

343 715 557 776 neque
609 698 954 775 quisquam
1005 701 1304 758 nostrum
1357 698 1421 757 in
1470 699 1563 758 rei
1620 698 1896 776 puhlicae
1953 698 2262 775 periculis

344 803 496 848 cum
535 787 726 847 laude
766 805 840 848 ac
877 787 1116 847 virtute
1152 791 1469 859 versatur,
1504 788 1660 864 quin
1705 803 1819 865 spe
1862 787 2262 865 posteritatis
2298 797 2304 802 “

343 878 689 956 fructuque
721 876 1016 937 ducatur.
1058 877 1279 953 Itaque
1311 892 1463 937 cum
1492 877 1720 936 multis
1748 877 1894 936 aliis
1926 878 2006 937 de
2044 876 2261 937 causis

340 967 630 1027 virorum
670 966 991 1030 bonorum
1032 969 1293 1025 mentes
1322 965 1553 1025 divinae
1584 964 1750 1025 mihi
1780 969 1971 1043 atque
2008 969 2261 1026 aeternae

339 1056 642 1116 videntur
680 1057 882 1126 esse1,
921 1057 1063 1113 tum
1095 1055 1403 1126 maxime,
1438 1055 1613 1132 quod
1649 1056 1879 1132 optimi
1912 1060 1974 1115 et
2004 1055 2260 1131 sapien—

338 1144 579 1206 tissimi
620 1145 940 1222 quusque
984 1144 1244 1203 animus
1291 1145 1377 1204 ita
1415 1145 1749 1222 praesentit
1786 1145 1854 1204 in
1893 1139 2275 1222 posterum,

341 1239 414 1295 ut
436 1235 620 1306 nihil,
640 1233 768 1293 nisi
795 1233 1270 1309 sempiternum
1299 1238 1589 1311 spectare
1613 1232 1926 1296 videatur.
1975 1235 2073 1294 30.
2100 1233 2263 1304 Qua·

342 1328 608 1403 propter
649 1323 955 1400 equidem
1002 1326 1067 1384 et
1104 1322 1169 1383 C.
1214 1324 1394 1383 Marii
1444 1328 1508 1383 et
1555 1328 1922 1383 ceterorum
1969 1323 2260 1383 virorum

342 1412 981 1492 sapientissimorum
1021 1429 1096 1473 ac
1137 1412 1650 1473 fortissimorum
1693 1413 1936 1473 civium
1979 1415 2257 1487 mentes,

342 1519 485 1579 quae
520 1503 686 1563 mihi
717 1502 1017 1562 videntur
1053 1519 1130 1562 ex
1159 1502 1505 1562 hominum
1538 1502 1665 1562 vita
1694 1503 1773 1562 ad
1806 1501 2079 1561 deorum
2110 1501 2258 1562 reli-

343 1593 602 1670 gionem
635 1595 697 1652 et
733 1589 1268 1652 sanctimoniam2
1300 1591 1722 1668 demigrasse,
1752 1594 1978 1663 testor,
2012 1607 2116 1650 me
2144 1607 2260 1668 pro

340 1682 604 1740 illorum
662 1681 858 1755 fama,
911 1680 1134 1757 gloria,
1183 1680 1523 1753 memoria,
1580 1697 1710 1739 non
1765 1696 1955 1740 secus
2017 1696 2089 1739 ac
2142 1697 2257 1757 pro

341 1770 564 1846 patriis
611 1769 776 1829 fanis
821 1773 1011 1847 atque
1049 1769 1374 1830 delubris³
1415 1769 1961 1847 propugnandum
2000 1772 2258 1846 putare3

344 1875 439 1932 ac,
485 1858 539 1918 si
579 1876 695 1935 pro
745 1857 1009 1917 illorum
1038 1857 1230 1918 laude
1266 1857 1429 1918 mihi
1462 1875 1643 1918 arma
1671 1857 1986 1936 capienda
2013 1860 2256 1929 essent,

347 1965 477 2007 non
507 1949 730 2008 minus
772 1951 1032 2007 strenue
1064 1964 1387 2026 caperem,
1421 1964 1615 2025 quam
1653 1947 1747 2009 illi
1777 1965 1893 2028 pro
1927 1947 2259 2007 communi

344 2037 551 2098 salute
584 2042 916 2116 ceperunt.
945 2037 1217 2114 Etenim,
1242 2037 1421 2108 Quiri
1433 2042 1548 2110 teS‚
1571 2037 1875 2116 exiguum
1902 2037 2089 2097 nobis
2115 2037 2259 2096 vitae

341 2128 740 2187 curriculum
768 2130 999 2187 natura
1025 2124 1562 2204 circumscripsit,
1589 2127 1988 2187 immensum
2011 2125 2257 2203 gloriae‚

420 2244 524 2303 XI.
572 2244 802 2316 Quare,
830 2243 884 2302 si
913 2259 1025 2302 eos
1054 2243 1163 2319 qui
1185 2242 1328 2319 jam
1355 2243 1433 2303 de
1455 2242 1589 2304 vita
1611 2242 2053 2315 decesserunt,
2079 2258 2263 2302 orna-

340 2333 582 2406 bimuS,
613 2332 974 2410 justiorem
1033 2331 1226 2393 nobis
1282 2332 1514 2393 mortis
1563 2332 2019 2395 condicionem
2067 2329 2262 2391 relin-

341 2440 643 2499 quemus,
692 2422 836 2495 Sed,
875 2422 930 2481 si
962 2420 1132 2497 illos,
1170 2421 1472 2492 Labiene,
1509 2439 1673 2499 quos
1711 2421 1847 2498 jam
1879 2421 2097 2482 videre
2129 2437 2260 2479 non

339 2528 719 2588 possumus,
779 2510 1097 2588 neglegis,
1155 2527 1235 2570 ne
1292 2510 1395 2569 his
1468 2509 1756 2588 quidem,
1831 2526 1993 2586 quos
2052 2508 2256 2583 videS,

340 2600 596 2662 consuli
639 2603 829 2678 putas
875 2599 1216 2677 oportere?
1265 2599 1610 2659 Neminem
1657 2615 1799 2659 esse
1844 2597 1986 2659 dico
2039 2614 2120 2659 ex
2157 2596 2261 2659 his

341 2689 646 2749 omnibus
683 2689 794 2767 qui
833 2688 946 2748 illo
980 2687 1082 2748 die
1128 2687 1350 2750 Romae
1399 2686 1614 2761 fuerit,
1652 2703 1846 2764 quem
1877 2689 1946 2746 tu
1991 2686 2164 2747 diem
2195 2686 2262 2746 in

332 2778 656 2856 judicium
736 2794 952 2851 vocas,
1006 2777 1344 2855 pubesque
1411 2781 1554 2836 tum
1613 2777 1827 2847 fuerit,
1877 2777 2035 2854 quin
2081 2792 2262 2836 arma

340 2867 605 2945 ceperit,
642 2865 800 2944 quin
825 2864 1134 2927 consules
1162 2868 1429 2926 secutus
1457 2865 1561 2926 sit.
1598 2865 1839 2926 Omnes
1872 2865 1940 2938 ii,
1977 2880 2258 2942 quorum

341 2963 408 3015 tu
440 2974 514 3015 ex
545 2960 728 3016 aetate
750 2953 772 2988 '⁹
804 2955 1247 3032 conjecturam
1293 2954 1506 3015 facere
1545 2959 1753 3032 poteS,
1789 2954 1946 3032 quid
1993 2959 2133 3014 tum
2168 2953 2260 3012 fe-

339 3045 569 3122 cerint,
604 3046 718 3105 abs
750 3048 812 3105 te
839 3045 930 3105 rei
951 3045 1218 3124 capitis,
1254 3044 1320 3103 C.
1358 3044 1599 3104 Rabirii
1631 3045 1924 3117 nomine,
1955 3043 2255 3103 citantur.

388 3175 428 3220 1.
470 3177 688 3220 Videntur
716 3189 829 3219 esse.
864 3173 1152 3226 Cicer0n‚en
1195 3186 1244 3219 se
1354 3175 1583 3231 l'adjectif
1601 3188 1724 3218 acer.

337 3232 515 3274 faisant
559 3232 599 3273 le
640 3233 790 3286 porte-
828 3230 985 3273 areles
1024 3230 1081 3272 de
1119 3239 1243 3273 ceux
1406 3229 1450 3272 3.
1496 3229 1638 3270 Funis
1680 3230 1801 3284 (voir
1840 3229 1887 3271 la
1915 3230 2026 3272 note
2061 3228 2091 3271 Ξ
2116 3228 2173 3272 de
2216 3227 2265 3269 la

339 3286 419 3351 qui
467 3285 652 3327 croient
711 3284 739 3327 ὲ,
808 3280 1132 3326 'immortalite
1185 3283 1241 3326 de
1387 3314 1396 3324 .
1421 3280 1583 3334 linat
1618 3296 1667 3324 ue
1687 3282 1897 3324 delubris.
1927 3282 2265 3335 Delubrumssest

338 3338 496 3388 lame,
547 3338 660 3380 tient
699 3337 725 3380 a
768 3334 926 3391 reagir
965 3339 1129 3380 contre
1171 3337 1239 3379 les
1372 3346 1395 3379 e
1431 3335 1527 3379 lieu
1601 3346 1625 3379 e
1656 3336 1959 3390 purification
1984 3334 2095 3391 (luo,
2135 3335 2262 3391 puri—

337 3391 573 3434 doctrines
598 3391 932 3434 materialistes
954 3390 1010 3434 de
1036 3389 1176 3432 Cesar
1197 3392 1243 3433 et
1350 3389 1472 3443 fier).

338 3443 393 3486 de
434 3444 480 3486 la
521 3444 713 3498 plupart
748 3445 806 3487 de
834 3455 912 3488 ses
942 3444 1241 3487 adversaii-es
1404 3443 1450 3486 4.
1484 3441 1561 3483 Es
1594 3446 1743 3485 κταῖα.
1775 3442 1903 3485 Tous
1943 3441 2012 3486 les
2050 3444 2260 3497 citoyens

335 3497 606 3589 P0¹itigue{·
1352 3496 1467 3540 dont
1493 3495 1613 3557 l’age
1652 3496 1741 3539 fait
1779 3497 2077 3550 conjecturer
2118 3494 2262 3550 qu'ils

388 3549 434 3592 2.
507 3551 837 3593 anctimoniam.
877 3552 937 3596 Ce
975 3553 1075 3594 mot
1111 3551 1244 3594 vient
1353 3552 1437 3593 ont
1491 3559 1703 3593 usum-e
1724 3549 1793 3594 les
1819 3550 2014 3594 consuls
2047 3551 2095 3594 et
2121 3559 2260 3605 pren-

309 3600 393 3642 ‘de
433 3605 615 3643 sanctus
662 3614 845 3647 comme
897 3604 1143 3645 acrimonia
1185 3604 1244 3647 de
1354 3602 1437 3648 dre
1485 3613 1536 3647 es
1559 3613 1732 3647 armes,
