2570 4026
349 308 467 367 452
509 296 515 303 ·
559 324 671 367 DES
714 324 993 369 DISCOURS
1037 323 1442 370 CONSULAIRES
1490 324 1610 370 Anx
1655 323 2069 375 PHILIPPIQUES

345 475 518 521 nunc
551 460 751 520 animi
784 462 888 534 sit,
924 460 1002 521 ad
1029 464 1090 521 te
1118 461 1339 538 ipsum
1376 460 1641 535 referre,
1680 478 1807 538 quo
1838 458 2096 520 facilius
2127 476 2287 521 cum

347 550 614 626 aequitas
645 553 774 622 tua,
811 557 949 610 tum
974 551 1277 610 audiendi
1302 550 1638 627 diligentia
1660 552 1910 611 minuat
1937 550 2109 609 hanc
2137 568 2289 628 per-

347 639 785 700 turbationem
811 657 1052 700 meam.
1546 645 1553 654 “
1824 681 1830 687 -

428 726 550 787 Sed
580 732 927 805 antequam
961 728 1036 788 de
1070 730 1487 789 accusatione
1515 730 1656 806 ipsa
1695 729 1863 800 dico,
1900 727 1976 787 de
2008 745 2288 788 accusa-

348 819 564 875 torum
625 834 737 892 spe
800 834 1005 894 pauca
1059 817 1289 878 dicam.
1327 818 1445 890 Qui
1495 836 1645 878 curn
1682 817 2019 877 videantur
2066 834 2285 894 neque

311 943 318 948 »
349 906 631 983 ingenie,
661 925 871 984 neque
904 926 1029 967 usu
1071 913 1259 985 atque
1298 910 1758 977 exercitatione
1792 925 2008 967 rerum
2038 908 2279 981 valere,

348 999 567 1054 tamen
599 995 677 1055 ad
716 996 885 1055 hanc
917 1014 1181 1056 causam
1215 1014 1346 1056 non
1380 997 1518 1057 sine
1551 997 1763 1074 aliqua
1799 1013 1912 1073 spe
1944 999 2007 1054 et
2031 996 2280 1074 cogita-

349 1084 522 1144 tione
557 1090 888 1145 venerunt.

418 1273 605 1325 Avant
637 1272 707 1347 de
733 1271 996 1332 discuter
1024 1272 1427 1341 l'accusation‚
1454 1274 1702 1328 l'avocat
1751 1274 1877 1343 prie
1904 1274 2079 1328 Gesar
2106 1273 2281 1329 d'ou-

346 1349 500 1404 blier
529 1349 614 1404 les
654 1351 895 1406 anciens
939 1358 1079 1406 torts
1117 1353 1188 1406 de
1232 1353 1564 1422 DejotarUS.
1606 1353 1651 1405 ΙΙ
1694 1369 1932 1423 expose,
1967 1368 2104 1406 sans
2143 1353 2283 1407 rien

346 1429 708 1497 dissimuler,
736 1437 864 1488 tout
891 1432 945 1486 le
962 1436 1132 1503 passe
1157 1433 1228 1487 de
1260 1450 1367 1487 son
1399 1432 1713 1503 client‚qui
1748 1450 1782 1487 a
1811 1433 2054 1487 d'abord
2079 1435 2171 1486 ete
2195 1434 2281 1488 du

345 1513 499 1583 parti
532 1513 601 1566 de
629 1513 904 1584 Pompee,
939 1514 973 1569 a
1002 1515 1101 1584 qui
1131 1514 1170 1567 il
1202 1515 1394 1569 devait
1421 1514 1751 1584 beaucoup,
1783 1519 1841 1567 et
1862 1514 1985 1583 qui,
2018 1513 2192 1584 apres
2218 1514 2282 1569 la

345 1590 582 1645 bataille
615 1591 686 1646 de
705 1593 1007 1661 Pharsale‚
1033 1594 1168 1649 s'est
1192 1593 1553 1664 loyalement
1570 1593 1739 1647 rallie
1766 1593 1800 1648 a
1829 1594 2005 1650 Cesar
2025 1593 2058 1647 a
2089 1593 2189 1664 qui
2233 1594 2276 1647 il

346 1688 379 1726 a
408 1672 596 1726 rendu
630 1673 701 1729 de
722 1674 1054 1729 nombreux
1079 1676 1334 1729 services
1362 1675 1554 1746 (ni-v).

816 1910 916 1966 Le
957 1907 1185 1978 passe
1221 1879 1314 1966 'de
1354 1907 1788 1979 Deiotarus.

419 2117 519 2179 IV.
555 2118 653 2175 11.
689 2116 844 2175 Cum
878 2116 1149 2189 audiret,
1179 2122 1443 2177 senatus
1475 2118 1942 2178 consentientis
1990 2118 2276 2199 auctori-

340 2210 467 2265 tate
515 2223 693 2263 arma
742 2209 1022 2283 sumpta,
1077 2207 1482 2278 consulibuS‚
1530 2208 1939 2284 praetoribUS‚
1986 2200 2273 2267 tribunis

339 2296 568 2372 plebis,
599 2295 790 2355 nobis
821 2296 1355 2372 imperatoribus¹
1391 2314 1527 2356 rem
1559 2298 1888 2374 publicam
1922 2295 2275 2356 defenden-

340 2386 488 2444 dam
521 2385 756 2455 datam‚
794 2386 1176 2445 movebatur
1221 2386 1462 2455 animo,
1510 2391 1571 2444 et
1619 2388 1738 2453 vir,
1785 2387 1936 2445 huic
1987 2387 2271 2463 imperio

339 2474 803 2544 amicissi1nuS‚
840 2474 915 2533 de
949 2475 1158 2535 salute
1198 2475 1421 2552 populi
1457 2476 1728 2534 Romani
1773 2475 2266 2547 extimescebat,

340 2564 401 2622 in
428 2581 553 2640 qua
584 2564 777 2622 etiam
814 2581 998 2623 suam
1030 2581 1171 2622 esse
1209 2565 1526 2623 inclusam
1568 2565 1847 2624 videbat.
1907 2564 1979 2622 In
2005 2581 2269 2623 summo

339 2658 556 2710 tamen
608 2651 840 2710 timore
888 2651 1356 2728 quiescendum
1414 2653 1536 2711 sibi
1593 2670 1737 2711 esse
1804 2651 2265 2712 arbitrabatur.

340 2742 609 2799 Maxime
640 2758 792 2800 vero
825 2742 1238 2817 perturbatus
1281 2744 1395 2807 est,
1434 2746 1503 2800 ut
1543 2740 1790 2800 audivit
1834 2739 2136 2800 consules
2189 2757 2271 2800 ex

339 2829 519 2888 Italia
572 2828 961 2907 profugisse,
1033 2846 1389 2906 omnesque
1465 2831 1844 2889 consulares
1902 2828 2023 2907 (sic
2087 2828 2265 2888 enirn

338 2917 801 2999 nuntiabatur),
852 2922 1158 2977 cunctum
1201 2923 1524 2981 senatum,
1575 2922 1773 2977 totam
1817 2917 2065 2977 Italiam
2115 2932 2268 2975 esse

336 3009 626 3067 effusam.
658 3007 916 3068 Talibus
948 3008 1119 3066 enim
1172 3009 1419 3066 nuntiis
1463 3014 1525 3089 et
1575 3007 1950 3066 rumoribus
2000 3006 2267 3083 patebat

336 3097 413 3156 ad
433 3097 757 3157 Orientem
781 3098 903 3169 viia,
922 3114 1041 3155 nec
1063 3096 1176 3154 ulli
1197 3097 1328 3156 veri
1359 3098 1940 3173 subsequebantur.
1960 3094 2127 3154 Nihil
2152 3094 2267 3154 ille

336 3187 413 3245 de
455 3185 948 3245 condicionibus
999 3186 1150 3251 tuis,
1199 3187 1361 3244 nihil
1410 3186 1487 3245 de
1531 3186 1743 3245 studio
1792 3183 2152 3244 concordiae
2202 3188 2269 3244 et

337 3276 536 3352 pacis,
571 3274 731 3334 nihil
768 3275 844 3334 de
873 3276 1350 3353 conspiratione
1381 3275 1680 3335 audiebat
1697 3280 2023 3335 certorum
2057 3273 2271 3332 homi-

389 3434 430 3475 l.
463 3434 605 3474 Nobis
621 3435 979 3486 imperatoribus.
1000 3436 1066 3476 La
1078 3435 1238 3477 vannis
1350 3437 1441 3477 Pro
1464 3436 1664 3487 Limia-io,
1684 3433 1814 3483 111‚7:
1835 3435 1940 3476 Cum
1962 3435 2056 3486 ipsc
2072 3434 2269 3486 impera—

336 3486 392 3528 de
413 3487 608 3529 Cic‹'².1·on
630 3498 679 3529 Se
703 3487 823 3548 plait
844 3488 872 3529 ἐι
906 3500 958 3530 cc
983 3489 1087 3531 titre
1114 3488 1236 3529 d'im-
1350 3494 1421 3530 tm·
1442 3491 1484 3529 in
1514 3493 1606 3529 toto
1650 3489 1834 3540 ‘imperio
1871 3486 2026 3541 populi
2068 3486 2267 3527 Romam·

333 3543 518 3588 per-ator
537 3549 741 3592 conquls
762 3541 883 3585 dans
910 3542 979 3582 les
1017 3542 1236 3584 batailles
1351 3556 1461 3582 umes
1483 3548 1613 3591 esset,
1640 3555 1734 3582 csse.
1784 3554 1847 3581 mr
1872 3541 2059 3582 alterum
2098 3553 2265 3591 passus

340 3590 396 3631 de
417 3601 502 3632 son
541 3594 850 3643 proconsulat
881 3596 937 3637 de
974 3595 1158 3637 Cilicio.
1203 3620 1234 3625 —-
1352 3601 1431 3635 est.
