2570 4026
193 491 205 516 ἢ

543 336 593 398 L'
642 361 670 393 «
718 356 936 398 oRA'rro
981 356 1038 397 m
1085 356 1135 397 L.
1179 355 1559 400 capuanum
1605 355 1863 400 PISONEM

286 491 628 551 reservavi.
676 492 802 566 Ego
846 491 910 548 in
961 490 1023 550 C.
1065 490 1323 548 Rabirio
1365 491 1407 559 ¹,
1454 484 1905 566 perduellionis

284 581 470 639 annis
503 584 647 639 ante
679 597 782 637 me
813 579 1176 647 consulem,
1212 579 1660 655 interpositam
1697 585 1905 639 senati

283 669 542 728 ritatem
570 669 849 728 sustinui
897 673 1121 728 contra
1144 668 1474 739 invidiam,
1507 672 1697 744 atque
1742 668 1905 728 desei

283 757 735 817 adulescentes
768 758 789 792 ²
816 759 1025 817 bonos
1054 760 1117 816 et
1137 756 1359 822 fortes,
1392 756 1504 815 sed
1537 774 1692 816 usos
1721 775 1795 817 ea
1823 775 1905 817 co¹

282 848 580 919 fortunae,
611 850 702 917 ut,
734 847 788 906 si
826 851 1048 907 essent
1076 845 1496 924 magistratus
1528 847 1765 923 adepti,
1806 849 1896 907 rei

281 940 522 997 statum
567 936 945 996 convulsuri
978 935 1373 1007 viderentur,
1418 937 1584 996 meis
1612 937 1905 996 inimiciti

281 1031 546 1086 senatus
617 1025 789 1085 mala
857 1026 1080 1104 gratia,
1138 1025 1554 1085 comitiorum
1623 1026 1871 1107 ratione

279 1118 336 1175 5.
402 1118 532 1192 Ego
608 1115 961 1174 Antonium
1039 1114 1378 1191 collegam,
1443 1115 1750 1191 cupidum
1826 1133 1901 1192 pr

279 1205 481 1264 multa
513 1205 578 1263 in
605 1221 670 1264 re
703 1205 960 1280 publica
986 1203 1399 1272 molientem,
1435 1204 1744 1279 patientia
1785 1210 1905 1281 atq]

280 1295 431 1371 quio
481 1311 630 1353 meo
665 1293 980 1369 mitigavi.
1020 1294 1146 1368 Ego
1180 1293 1582 1368 provinciam
1615 1293 1905 1361 Galliam,

279 1383 682 1453 auctoritate,
709 1383 993 1440 exercitu
1013 1385 1075 1440 et
1092 1382 1367 1458 pecunia
1394 1381 1775 1441 instructam
1799 1387 1861 1441 et
1882 1401 1905 1442 c

281 1489 473 1548 quam
502 1488 652 1530 cum
676 1471 954 1529 Antonio
983 1470 1403 1537 commutavi,
1438 1470 1609 1546 quod
1630 1471 1729 1530 ita·
1749 1472 1905 1531 exist

278 1565 572 1636 tempora
624 1560 716 1618 rei
781 1559 1057 1635 publicae
1115 1558 1305 1627 ferre,
1365 1559 1430 1617 in
1486 1560 1838 1620 contione³
1899 1585 1905 1614 t

280 1650 667 1709 reclamante
695 1650 933 1727 populo
964 1648 1278 1707 Romane.
1313 1649 1443 1723 Ego
1472 1649 1539 1707 L.
1563 1648 1898 1710 Catilinam

279 1742 564 1809 senatuS,
618 1738 949 1797 interitum
1017 1736 1231 1808 Urbis,
1280 1754 1413 1795 non
1474 1738 1769 1810 obscure,
1806 1741 1905 1800 sec*

280 1827 678 1896 molientem,
704 1826 920 1904 egredi
948 1845 1023 1885 ex
1044 1827 1202 1885 urbe
1224 1825 1418 1902 jussi,
1448 1831 1538 1897 ut,
1566 1844 1601 1885 a
1628 1845 1754 1904 quo
1771 1829 1903 1906 legi

280 1920 672 1992 poteramus,
731 1915 1054 1974 moenibus
1095 1914 1215 1972 tuti
1259 1931 1403 1973 esse
1452 1932 1816 1990 possemus
1873 1920 1905 1976 E

280 2012 568 2065 extremo
585 2005 844 2064 mense‘*
875 2003 1252 2064 consulatus
1278 2003 1409 2063 mei
1435 2004 1682 2065 intenta
1707 2006 1905 2085 juguli

281 2095 384 2158 tis,
434 2093 511 2153 de
567 2094 1055 2171 conjuratorum
1099 2092 1367 2152 nefariis
1421 2095 1721 2155 manibus
1761 2100 1905 2156 exto

279 2184 451 2242 faces
485 2183 622 2260 jam
677 2199 983 2242 accensas
1023 2183 1100 2242 ad
1153 2182 1351 2257 hujus
1392 2183 1572 2242 urbis
1606 2185 1905 2246 incendiu

277 2272 613 2350 prehendi,
654 2273 912 2349 protuli,
952 2272 1251 2331 exstinxi.

354 2389 458 2447 III.
506 2389 564 2447 6.
625 2390 719 2447 Me
769 2388 838 2458 Q.
889 2387 1170 2459 Catulus,
1225 2388 1526 2464 princeps
1568 2388 1763 2464 hujus
1810 2406 1905 2448 or(

274 2483 499 2537 auctor
528 2478 766 2555 publici
794 2476 1075 2547 consilii,
1098 2476 1631 2553 frequentissimo
1648 2482 1905 2537 senatu*

275 2568 404 2625 tem
448 2566 668 2642 patriae
709 2567 1087 2625 nominavit.
1137 2566 1287 2624 Mihi
1322 2567 1427 2626 hic
1470 2568 1568 2625 vir
1612 2567 1905 2627 clarissin

274 2660 536 2732 propter
566 2659 627 2714 te
667 2655 868 2723 sedet,
908 2656 969 2712 L.
1002 2654 1270 2726 GelliuS,
1308 2655 1409 2714 his
1456 2656 1887 2728 audientibuS,

273 2760 580 2802 coronam
623 2743 841 2803 deberi
884 2760 1013 2802 are
1047 2744 1304 2819 publica
1344 2743 1523 2803 dixit.
1562 2745 1710 2803 Mihi
1757 2751 1900 2823 toga

273 2838 400 2903 tus,
434 2849 569 2892 non
592 2837 663 2891 ut
692 2832 914 2891 multis
946 2832 1108 2891 bene
1144 2837 1343 2908 gesta,
1381 2832 1492 2891 sed
1533 2833 1604 2892 ut
1634 2834 1878 2893 nemini

272 2926 418 2980 vata
492 2939 559 2981 re
629 2921 886 2998 publica
972 2921 1278 2998 singulari
1343 2940 1577 2998 genere
1672 2924 1905 3001 suppli(

330 3091 367 3130 1.
408 3087 457 3130 C.
484 3089 682 3129 Rabirio.
715 3090 830 3130 Voir
861 3100 910 3141 p.
935 3088 1009 3132 31.
1289 3092 1905 3145 recommencerlaguerre‹

323 3142 364 3183 2.
390 3141 724 3183 Adulescentes.
743 3144 829 3185 Les
849 3144 922 3184 tils
942 3142 1025 3185 des
1049 3153 1178 3195 pros·
1292 3154 1373 3184 son
1414 3153 1610 3185 sui-nom
1662 3144 1718 3185 de
1758 3145 1905 3198 Capitc

272 3196 399 3238 crits.
427 3197 541 3236 Yoir
572 3207 615 3249 p.
645 3195 711 3238 29.
1291 3197 1490 3237 mission
1512 3199 1591 3251 qui
1618 3197 1683 3238 lui
1706 3198 1778 3240 fut
1793 3199 1905 3240 dom

326 3250 367 3291 3.
398 3247 451 3289 In
477 3250 694 3289 muclone.
720 3250 835 3290 Yoir
863 3260 910 3301 p.
948 3248 1017 3292 29.
1291 3252 1612 3292 reconstruire
1643 3251 1682 3292 le
1705 3253 1905 3304 Capitol<

326 3304 367 3344 4.
389 3300 607 3342 Extremo
629 3314 787 3342 mensae.
815 3304 921 3343 Aux
954 3314 1102 3344 nones
1124 3303 1179 3347 de
1292 3303 1326 3344 il
1342 3306 1410 3345 est.
1432 3302 1525 3345 tres
1547 3307 1748 3347 souvent
1772 3306 1862 3347 cite
1888 3318 1904 3359 1.

274 3353 543 3404 decembre,
581 3356 622 3397 le
648 3355 839 3397 dernier
861 3357 981 3397 mois
1008 3356 1064 3399 de
1088 3367 1173 3398 son
1285 3356 1443 3397 dontil
1459 3357 1704 3399 coinbattit
1722 3358 1763 3399 le
1784 3359 1905 3400 disce

273 3409 506 3451 consulat.
543 3410 656 3450 Voir
677 3419 718 3462 p.
740 3408 809 3452 35.
1287 3410 1349 3450 loi
1370 3411 1582 3453 Manilia.
1607 3411 1667 3453 V.
1696 3412 1821 3452 lesu.
1848 3423 1867 3450 κ
1896 3426 1905 3451 ‹

326 3460 366 3503 5.
393 3460 767 3514 Frequentissimo
796 3466 968 3503 senatu.
994 3463 1108 3504 Voir
1131 3463 1177 3505 la
1285 3463 1366 3504 etl
1388 3463 1445 3504 de
1463 3464 1564 3516 lap.
1582 3463 1675 3507 253.
1695 3465 1808 3505 -Ιι,
1835 3466 1900 3506 Ge

276 3516 383 3557 note
412 3514 437 3556 3
466 3517 521 3557 de
562 3516 606 3556 la
642 3527 684 3568 p.
730 3514 824 3558 231.
857 3517 909 3565 Q.
956 3516 1175 3558 Lutatius
1285 3515 1590 3563 cola,consul
1617 3528 1675 3559 en
1701 3516 1772 3566 72,
1810 3528 1905 3558 cen:

275 3566 493 3614 Catulus,
520 3569 688 3609 consul
717 3578 774 3610 en
806 3568 872 3617 78,
909 3568 1125 3622 s'opposa
1150 3569 1177 3610 a
1288 3568 1381 3610 tres
1395 3570 1697 3611 souventcite
1719 3581 1831 3612 avec
1845 3570 1905 3611 eli

277 3630 362 3661 son
391 3620 604 3674 collegite
634 3621 838 3675 Lepidus
882 3622 961 3676 qni
998 3623 1177 3665 voulait
1287 3621 1443 3663 ceron.
1477 3624 1530 3665 V.
1561 3623 1626 3665 les
1645 3634 1695 3665 n.
1725 3623 1745 3666 4
1772 3623 1905 3666 et5ch
