<?xml version="1.0" encoding="UTF-8"?>
<!DOCTYPE html PUBLIC "-//W3C//DTD XHTML 1.0 Transitional//EN"
    "http://www.w3.org/TR/xhtml1/DTD/xhtml1-transitional.dtd">
<html xmlns="http://www.w3.org/1999/xhtml" xml:lang="en" lang="en">
 <head>
  <title>
</title>
<meta http-equiv="Content-Type" content="text/html;charset=utf-8" />
  <meta name='ocr-system' content='tesseract 3.04.00' />
  <meta name='ocr-capabilities' content='ocr_page ocr_carea ocr_par ocr_line ocrx_word'/>
</head>
<body>
  <div class='ocr_page' id='page_1' title='image "./extraitsetanaly00mirmgoog_0207.png"; bbox 0 0 2570 4026; ppageno 0'>
   <div class='ocr_carea' id='block_1_1' title="bbox 621 260 2171 330">
    <p class='ocr_par' dir='ltr' id='par_1_1' title="bbox 621 260 2171 330">
     <span class='ocr_line' id='line_1_1' title="bbox 621 260 2171 330; baseline -0.005 0"><span class='ocrx_word' id='word_1_1' title='bbox 621 270 670 330; x_wconf 71' lang='grc' dir='ltr'>ι’</span> <span class='ocrx_word' id='word_1_2' title='bbox 707 294 733 324; x_wconf 87' lang='lat'>«</span> <span class='ocrx_word' id='word_1_3' title='bbox 769 285 940 329; x_wconf 77' lang='lat' dir='ltr'>Ac‘rlo</span> <span class='ocrx_word' id='word_1_4' title='bbox 983 284 1248 329; x_wconf 78' lang='lat' dir='ltr'>SECUNDA</span> <span class='ocrx_word' id='word_1_5' title='bbox 1295 283 1353 325; x_wconf 78' lang='lat' dir='ltr'>m</span> <span class='ocrx_word' id='word_1_6' title='bbox 1396 284 1447 326; x_wconf 86' lang='lat' dir='ltr'>c.</span> <span class='ocrx_word' id='word_1_7' title='bbox 1498 283 1745 327; x_wconf 78' lang='lat' dir='ltr'>VERREM</span> <span class='ocrx_word' id='word_1_8' title='bbox 1780 290 1807 320; x_wconf 83' lang='lat'>»</span> <span class='ocrx_word' id='word_1_9' title='bbox 1980 260 1984 265; x_wconf 80' lang='grc'><em>’</em></span> <span class='ocrx_word' id='word_1_10' title='bbox 2056 265 2171 324; x_wconf 82' lang='grc'><strong>195</strong></span> 
     </span>
    </p>
   </div>
   <div class='ocr_carea' id='block_1_2' title="bbox 204 419 2242 2646">
    <p class='ocr_par' dir='ltr' id='par_1_2' title="bbox 204 419 2242 2646">
     <span class='ocr_line' id='line_1_2' title="bbox 232 419 2168 501; baseline -0.003 -18"><span class='ocrx_word' id='word_1_11' title='bbox 232 428 451 501; x_wconf 79' lang='lat' dir='ltr'>atque</span> <span class='ocrx_word' id='word_1_12' title='bbox 485 421 836 482; x_wconf 83' lang='lat' dir='ltr'>auctoritas</span> <span class='ocrx_word' id='word_1_13' title='bbox 866 420 1153 479; x_wconf 86' lang='lat' dir='ltr'>nominis</span> <span class='ocrx_word' id='word_1_14' title='bbox 1202 419 1428 496; x_wconf 91' lang='lat' dir='ltr'>populi</span> <span class='ocrx_word' id='word_1_15' title='bbox 1484 419 1754 479; x_wconf 88' lang='lat' dir='ltr'>Romani</span> <span class='ocrx_word' id='word_1_16' title='bbox 1800 419 2168 491; x_wconf 88' lang='lat' dir='ltr'>imminuta,</span> 
     </span>
     <span class='ocr_line' id='line_1_3' title="bbox 253 508 2242 598; baseline -0.003 -26"><span class='ocrx_word' id='word_1_17' title='bbox 253 512 619 594; x_wconf 81' lang='lat' dir='ltr'>hospitium</span> <span class='ocrx_word' id='word_1_18' title='bbox 650 512 996 588; x_wconf 88' lang='lat' dir='ltr'>spoliatum</span> <span class='ocrx_word' id='word_1_19' title='bbox 1037 528 1110 570; x_wconf 91' lang='lat' dir='ltr'>ac</span> <span class='ocrx_word' id='word_1_20' title='bbox 1142 508 1512 587; x_wconf 84' lang='lat' dir='ltr'>proditum,</span> <span class='ocrx_word' id='word_1_21' title='bbox 1556 510 1899 570; x_wconf 86' lang='lat' dir='ltr'>abalienati</span> <span class='ocrx_word' id='word_1_22' title='bbox 1930 508 2171 569; x_wconf 90' lang='lat' dir='ltr'>scelere</span> <span class='ocrx_word' id='word_1_23' title='bbox 2235 586 2242 598; x_wconf 35' lang='grc' dir='ltr'>ι</span> 
     </span>
     <span class='ocr_line' id='line_1_4' title="bbox 257 594 2242 677; baseline 0 -15"><span class='ocrx_word' id='word_1_24' title='bbox 257 603 451 664; x_wconf 85' lang='lat' dir='ltr'>istius</span> <span class='ocrx_word' id='word_1_25' title='bbox 477 620 514 661; x_wconf 90' lang='lat' dir='ltr'>a</span> <span class='ocrx_word' id='word_1_26' title='bbox 545 602 737 661; x_wconf 86' lang='lat' dir='ltr'>nobis</span> <span class='ocrx_word' id='word_1_27' title='bbox 778 617 1003 661; x_wconf 87' lang='lat' dir='ltr'>omnes</span> <span class='ocrx_word' id='word_1_28' title='bbox 1037 594 1224 677; x_wconf 87' lang='lat' dir='ltr'>reges</span> <span class='ocrx_word' id='word_1_29' title='bbox 1266 599 1676 671; x_wconf 82' lang='lat' dir='ltr'>amicissimi,</span> <span class='ocrx_word' id='word_1_30' title='bbox 1720 601 2170 676; x_wconf 75' lang='lat' dir='ltr'>nationesque,</span> <span class='ocrx_word' id='word_1_31' title='bbox 2233 601 2242 612; x_wconf 83' lang='lat'><em>&#39;</em></span> 
     </span>
     <span class='ocr_line' id='line_1_5' title="bbox 259 688 2174 770; baseline -0.002 -19"><span class='ocrx_word' id='word_1_32' title='bbox 259 710 400 770; x_wconf 77' lang='lat' dir='ltr'>quae</span> <span class='ocrx_word' id='word_1_33' title='bbox 433 693 503 751; x_wconf 93' lang='lat' dir='ltr'>in</span> <span class='ocrx_word' id='word_1_34' title='bbox 534 707 761 751; x_wconf 89' lang='lat' dir='ltr'>eorum</span> <span class='ocrx_word' id='word_1_35' title='bbox 791 707 991 766; x_wconf 84' lang='lat' dir='ltr'>regno</span> <span class='ocrx_word' id='word_1_36' title='bbox 1023 706 1098 748; x_wconf 86' lang='lat' dir='ltr'>ac</span> <span class='ocrx_word' id='word_1_37' title='bbox 1128 688 1386 768; x_wconf 90' lang='lat' dir='ltr'>dicione</span> <span class='ocrx_word' id='word_1_38' title='bbox 1419 693 1571 749; x_wconf 87' lang='lat' dir='ltr'>sunt</span> <span class='ocrx_word' id='word_1_39' title='bbox 1589 690 1638 748; x_wconf 83' lang='lat'>-¹.</span> <span class='ocrx_word' id='word_1_40' title='bbox 1674 689 1770 748; x_wconf 83' lang='lat'>61.</span> <span class='ocrx_word' id='word_1_41' title='bbox 1797 692 1957 749; x_wconf 90' lang='lat' dir='ltr'>Nam</span> <span class='ocrx_word' id='word_1_42' title='bbox 1986 705 2174 765; x_wconf 81' lang='lat' dir='ltr'>reges</span> 
     </span>
     <span class='ocr_line' id='line_1_6' title="bbox 259 777 2171 860; baseline -0.003 -19"><span class='ocrx_word' id='word_1_43' title='bbox 259 782 482 860; x_wconf 80' lang='lat' dir='ltr'>Syriae,</span> <span class='ocrx_word' id='word_1_44' title='bbox 545 781 717 856; x_wconf 85' lang='lat' dir='ltr'>regis</span> <span class='ocrx_word' id='word_1_45' title='bbox 760 778 1104 838; x_wconf 73' lang='lat' dir='ltr'>Antiochi²</span> <span class='ocrx_word' id='word_1_46' title='bbox 1161 777 1334 837; x_wconf 86' lang='lat' dir='ltr'>filios</span> <span class='ocrx_word' id='word_1_47' title='bbox 1389 795 1654 855; x_wconf 56' lang='lat' dir='ltr'>puero-⁶3,</span> <span class='ocrx_word' id='word_1_48' title='bbox 1713 778 1894 838; x_wconf 86' lang='lat' dir='ltr'>scitis</span> <span class='ocrx_word' id='word_1_49' title='bbox 1953 779 2171 837; x_wconf 80' lang='lat' dir='ltr'>Romae</span> 
     </span>
     <span class='ocr_line' id='line_1_7' title="bbox 260 868 2173 948; baseline -0.003 -18"><span class='ocrx_word' id='word_1_50' title='bbox 260 887 467 948; x_wconf 88' lang='lat' dir='ltr'>nuper</span> <span class='ocrx_word' id='word_1_51' title='bbox 488 870 727 941; x_wconf 85' lang='lat' dir='ltr'>fuisse;</span> <span class='ocrx_word' id='word_1_52' title='bbox 759 868 871 946; x_wconf 88' lang='lat' dir='ltr'>qui</span> <span class='ocrx_word' id='word_1_53' title='bbox 897 872 1207 927; x_wconf 87' lang='lat' dir='ltr'>venerant</span> <span class='ocrx_word' id='word_1_54' title='bbox 1226 883 1360 928; x_wconf 90' lang='lat' dir='ltr'>non</span> <span class='ocrx_word' id='word_1_55' title='bbox 1389 872 1651 944; x_wconf 82' lang='lat' dir='ltr'>propter</span> <span class='ocrx_word' id='word_1_56' title='bbox 1670 868 1869 946; x_wconf 78' lang='lat' dir='ltr'>Syriae</span> <span class='ocrx_word' id='word_1_57' title='bbox 1900 884 2173 946; x_wconf 83' lang='lat' dir='ltr'>regnum</span> 
     </span>
     <span class='ocr_line' id='line_1_8' title="bbox 261 947 2177 1038; baseline -0.003 -18"><span class='ocrx_word' id='word_1_58' title='bbox 261 958 436 1038; x_wconf 88' lang='lat' dir='ltr'>(nam</span> <span class='ocrx_word' id='word_1_59' title='bbox 470 959 534 1019; x_wconf 90' lang='lat' dir='ltr'>id</span> <span class='ocrx_word' id='word_1_60' title='bbox 564 960 707 1018; x_wconf 88' lang='lat' dir='ltr'>sine</span> <span class='ocrx_word' id='word_1_61' title='bbox 739 957 1181 1017; x_wconf 86' lang='lat' dir='ltr'>controversia</span> <span class='ocrx_word' id='word_1_62' title='bbox 1203 957 1581 1020; x_wconf 89' lang='lat' dir='ltr'>obtinebant</span> <span class='ocrx_word' id='word_1_63' title='bbox 1600 958 1644 1031; x_wconf 77' lang='lat'>³,</span> <span class='ocrx_word' id='word_1_64' title='bbox 1688 947 1760 1016; x_wconf 89' lang='lat' dir='ltr'>ut</span> <span class='ocrx_word' id='word_1_65' title='bbox 1782 974 1818 1016; x_wconf 88' lang='lat' dir='ltr'>a</span> <span class='ocrx_word' id='word_1_66' title='bbox 1842 960 2020 1034; x_wconf 88' lang='lat' dir='ltr'>patre</span> <span class='ocrx_word' id='word_1_67' title='bbox 2052 960 2115 1015; x_wconf 88' lang='lat' dir='ltr'>et</span> <span class='ocrx_word' id='word_1_68' title='bbox 2139 974 2177 1014; x_wconf 88' lang='lat' dir='ltr'>a</span> 
     </span>
     <span class='ocr_line' id='line_1_9' title="bbox 258 1044 2177 1126; baseline -0.003 -17"><span class='ocrx_word' id='word_1_69' title='bbox 258 1049 619 1126; x_wconf 86' lang='lat' dir='ltr'>majoribus</span> <span class='ocrx_word' id='word_1_70' title='bbox 649 1044 1090 1126; x_wconf 85' lang='lat' dir='ltr'>acceperant)3</span> <span class='ocrx_word' id='word_1_71' title='bbox 1126 1045 1241 1106; x_wconf 89' lang='lat' dir='ltr'>sed</span> <span class='ocrx_word' id='word_1_72' title='bbox 1267 1063 1544 1123; x_wconf 82' lang='lat' dir='ltr'>regnum</span> <span class='ocrx_word' id='word_1_73' title='bbox 1591 1047 1843 1124; x_wconf 82' lang='lat' dir='ltr'>AEgypti</span> <span class='ocrx_word' id='word_1_74' title='bbox 1877 1046 1956 1106; x_wconf 87' lang='lat' dir='ltr'>ad</span> <span class='ocrx_word' id='word_1_75' title='bbox 1987 1062 2080 1118; x_wconf 86' lang='lat' dir='ltr'>se,</span> <span class='ocrx_word' id='word_1_76' title='bbox 2115 1048 2177 1104; x_wconf 88' lang='lat' dir='ltr'>et</span> 
     </span>
     <span class='ocr_line' id='line_1_10' title="bbox 259 1135 2170 1214; baseline -0.002 -17"><span class='ocrx_word' id='word_1_77' title='bbox 259 1137 341 1197; x_wconf 86' lang='lat' dir='ltr'>ad</span> <span class='ocrx_word' id='word_1_78' title='bbox 366 1139 685 1214; x_wconf 87' lang='lat' dir='ltr'>Selenem,</span> <span class='ocrx_word' id='word_1_79' title='bbox 729 1141 1009 1197; x_wconf 89' lang='lat' dir='ltr'>matrem</span> <span class='ocrx_word' id='word_1_80' title='bbox 1058 1153 1266 1210; x_wconf 84' lang='lat' dir='ltr'>suam,</span> <span class='ocrx_word' id='word_1_81' title='bbox 1310 1135 1633 1212; x_wconf 85' lang='lat' dir='ltr'>pertinere</span> <span class='ocrx_word' id='word_1_82' title='bbox 1676 1136 2170 1196; x_wconf 74' lang='lat' dir='ltr'>arbitrabantur.</span> 
     </span>
     <span class='ocr_line' id='line_1_11' title="bbox 262 1221 2177 1304; baseline -0.002 -17"><span class='ocrx_word' id='word_1_83' title='bbox 262 1228 308 1286; x_wconf 93' lang='lat' dir='ltr'>li</span> <span class='ocrx_word' id='word_1_84' title='bbox 342 1233 762 1304; x_wconf 76' lang='lat' dir='ltr'>posteaquam</span> <span class='ocrx_word' id='word_1_85' title='bbox 803 1221 1253 1303; x_wconf 60' lang='lat' dir='ltr'>temporibus*</span> <span class='ocrx_word' id='word_1_86' title='bbox 1303 1226 1395 1287; x_wconf 90' lang='lat' dir='ltr'>rei</span> <span class='ocrx_word' id='word_1_87' title='bbox 1445 1226 1720 1303; x_wconf 80' lang='lat' dir='ltr'>publicae</span> <span class='ocrx_word' id='word_1_88' title='bbox 1753 1225 2026 1300; x_wconf 81' lang='lat' dir='ltr'>exclusi,</span> <span class='ocrx_word' id='word_1_89' title='bbox 2062 1241 2177 1303; x_wconf 90' lang='lat' dir='ltr'>per</span> 
     </span>
     <span class='ocr_line' id='line_1_12' title="bbox 261 1315 2178 1393; baseline -0.002 -17"><span class='ocrx_word' id='word_1_90' title='bbox 261 1321 559 1376; x_wconf 88' lang='lat' dir='ltr'>senatum</span> <span class='ocrx_word' id='word_1_91' title='bbox 611 1332 821 1393; x_wconf 85' lang='lat' dir='ltr'>agere,</span> <span class='ocrx_word' id='word_1_92' title='bbox 882 1333 1024 1391; x_wconf 76' lang='lat' dir='ltr'>quae</span> <span class='ocrx_word' id='word_1_93' title='bbox 1074 1316 1434 1386; x_wconf 86' lang='lat' dir='ltr'>voluerant,</span> <span class='ocrx_word' id='word_1_94' title='bbox 1492 1332 1626 1377; x_wconf 86' lang='lat' dir='ltr'>non</span> <span class='ocrx_word' id='word_1_95' title='bbox 1673 1318 2046 1391; x_wconf 87' lang='lat' dir='ltr'>potuerunt,</span> <span class='ocrx_word' id='word_1_96' title='bbox 2108 1315 2178 1373; x_wconf 89' lang='lat' dir='ltr'>in</span> 
     </span>
     <span class='ocr_line' id='line_1_13' title="bbox 204 1403 2176 1483; baseline 0.001 -18"><span class='ocrx_word' id='word_1_97' title='bbox 204 1455 219 1472; x_wconf 81' lang='lat'>..</span> <span class='ocrx_word' id='word_1_98' title='bbox 261 1405 533 1483; x_wconf 83' lang='lat' dir='ltr'>Syriam,</span> <span class='ocrx_word' id='word_1_99' title='bbox 598 1405 664 1464; x_wconf 92' lang='lat' dir='ltr'>in</span> <span class='ocrx_word' id='word_1_100' title='bbox 713 1421 987 1481; x_wconf 85' lang='lat' dir='ltr'>regnum</span> <span class='ocrx_word' id='word_1_101' title='bbox 1042 1404 1326 1480; x_wconf 90' lang='lat' dir='ltr'>patrium</span> <span class='ocrx_word' id='word_1_102' title='bbox 1382 1403 1657 1482; x_wconf 87' lang='lat' dir='ltr'>profecti</span> <span class='ocrx_word' id='word_1_103' title='bbox 1718 1408 1888 1463; x_wconf 87' lang='lat' dir='ltr'>sunt.</span> <span class='ocrx_word' id='word_1_104' title='bbox 1939 1405 2176 1466; x_wconf 86' lang='lat' dir='ltr'>Eorum</span> 
     </span>
     <span class='ocr_line' id='line_1_14' title="bbox 258 1478 2175 1572; baseline -0.002 -17"><span class='ocrx_word' id='word_1_105' title='bbox 258 1493 439 1566; x_wconf 86' lang='lat' dir='ltr'>alter,</span> <span class='ocrx_word' id='word_1_106' title='bbox 476 1495 586 1572; x_wconf 92' lang='lat' dir='ltr'>qui</span> <span class='ocrx_word' id='word_1_107' title='bbox 618 1494 976 1556; x_wconf 78' lang='lat' dir='ltr'>Antiochus</span> <span class='ocrx_word' id='word_1_108' title='bbox 997 1496 1018 1530; x_wconf 72' lang='lat'>5</span> <span class='ocrx_word' id='word_1_109' title='bbox 1048 1478 1337 1567; x_wconf 75' lang='lat' dir='ltr'>vocatur,</span> <span class='ocrx_word' id='word_1_110' title='bbox 1368 1493 1491 1553; x_wconf 86' lang='lat' dir='ltr'>iter</span> <span class='ocrx_word' id='word_1_111' title='bbox 1512 1510 1625 1570; x_wconf 86' lang='lat' dir='ltr'>per</span> <span class='ocrx_word' id='word_1_112' title='bbox 1650 1485 1936 1553; x_wconf 88' lang='lat' dir='ltr'>Siciliam</span> <span class='ocrx_word' id='word_1_113' title='bbox 1968 1493 2175 1553; x_wconf 87' lang='lat' dir='ltr'>facere</span> 
     </span>
     <span class='ocr_line' id='line_1_15' title="bbox 263 1583 2176 1661; baseline 0.001 -19"><span class='ocrx_word' id='word_1_114' title='bbox 263 1584 497 1657; x_wconf 77' lang='lat' dir='ltr'>voluit3</span> <span class='ocrx_word' id='word_1_115' title='bbox 532 1585 770 1661; x_wconf 88' lang='lat' dir='ltr'>itaque,</span> <span class='ocrx_word' id='word_1_116' title='bbox 806 1585 932 1644; x_wconf 87' lang='lat' dir='ltr'>isto</span> <span class='ocrx_word' id='word_1_117' title='bbox 964 1587 1259 1661; x_wconf 75' lang='lat' dir='ltr'>praetore,</span> <span class='ocrx_word' id='word_1_118' title='bbox 1307 1584 1485 1642; x_wconf 86' lang='lat' dir='ltr'>venit</span> <span class='ocrx_word' id='word_1_119' title='bbox 1514 1584 1891 1661; x_wconf 84' lang='lat' dir='ltr'>Syracusas.</span> <span class='ocrx_word' id='word_1_120' title='bbox 1925 1583 2024 1642; x_wconf 76' lang='lat'>62.</span> <span class='ocrx_word' id='word_1_121' title='bbox 2061 1583 2176 1643; x_wconf 92' lang='lat' dir='ltr'>Hic</span> 
     </span>
     <span class='ocr_line' id='line_1_16' title="bbox 261 1671 2179 1749; baseline -0.002 -15"><span class='ocrx_word' id='word_1_122' title='bbox 261 1674 490 1734; x_wconf 79' lang='lat' dir='ltr'>Verres</span> <span class='ocrx_word' id='word_1_123' title='bbox 521 1673 945 1733; x_wconf 79' lang='lat' dir='ltr'>hereditatem</span> <span class='ocrx_word' id='word_1_124' title='bbox 991 1673 1117 1732; x_wconf 89' lang='lat' dir='ltr'>sibi</span> <span class='ocrx_word' id='word_1_125' title='bbox 1169 1673 1429 1733; x_wconf 82' lang='lat' dir='ltr'>venisse</span> <span class='ocrx_word' id='word_1_126' title='bbox 1472 1672 1819 1733; x_wconf 82' lang='lat' dir='ltr'>arbitratus</span> <span class='ocrx_word' id='word_1_127' title='bbox 1847 1675 1969 1746; x_wconf 87' lang='lat' dir='ltr'>est,</span> <span class='ocrx_word' id='word_1_128' title='bbox 2004 1671 2179 1749; x_wconf 89' lang='lat' dir='ltr'>quod</span> 
     </span>
     <span class='ocr_line' id='line_1_17' title="bbox 264 1763 2179 1840; baseline -0.002 -16"><span class='ocrx_word' id='word_1_129' title='bbox 264 1765 332 1824; x_wconf 91' lang='lat' dir='ltr'>in</span> <span class='ocrx_word' id='word_1_130' title='bbox 363 1764 505 1840; x_wconf 88' lang='lat' dir='ltr'>ejus</span> <span class='ocrx_word' id='word_1_131' title='bbox 550 1773 825 1840; x_wconf 85' lang='lat' dir='ltr'>regnum</span> <span class='ocrx_word' id='word_1_132' title='bbox 848 1763 869 1797; x_wconf 76' lang='lat'>⁶</span> <span class='ocrx_word' id='word_1_133' title='bbox 913 1780 987 1823; x_wconf 89' lang='lat' dir='ltr'>ac</span> <span class='ocrx_word' id='word_1_134' title='bbox 1017 1779 1253 1825; x_wconf 85' lang='lat' dir='ltr'>manus</span> <span class='ocrx_word' id='word_1_135' title='bbox 1303 1766 1570 1822; x_wconf 88' lang='lat' dir='ltr'>venerat</span> <span class='ocrx_word' id='word_1_136' title='bbox 1607 1763 1686 1835; x_wconf 87' lang='lat' dir='ltr'>is,</span> <span class='ocrx_word' id='word_1_137' title='bbox 1736 1780 1931 1840; x_wconf 89' lang='lat' dir='ltr'>quem</span> <span class='ocrx_word' id='word_1_138' title='bbox 1963 1763 2084 1822; x_wconf 86' lang='lat' dir='ltr'>iste</span> <span class='ocrx_word' id='word_1_139' title='bbox 2118 1767 2179 1823; x_wconf 88' lang='lat' dir='ltr'>et</span> 
     </span>
     <span class='ocr_line' id='line_1_18' title="bbox 261 1852 2181 1930; baseline -0.001 -16"><span class='ocrx_word' id='word_1_140' title='bbox 261 1852 554 1914; x_wconf 82' lang='lat' dir='ltr'>audierat</span> <span class='ocrx_word' id='word_1_141' title='bbox 592 1852 799 1913; x_wconf 83' lang='lat' dir='ltr'>multa</span> <span class='ocrx_word' id='word_1_142' title='bbox 839 1869 1065 1912; x_wconf 88' lang='lat' dir='ltr'>secum</span> <span class='ocrx_word' id='word_1_143' title='bbox 1097 1852 1406 1930; x_wconf 82' lang='lat' dir='ltr'>praeclara</span> <span class='ocrx_word' id='word_1_144' title='bbox 1441 1852 1678 1912; x_wconf 88' lang='lat' dir='ltr'>habere</span> <span class='ocrx_word' id='word_1_145' title='bbox 1715 1857 1778 1911; x_wconf 92' lang='lat' dir='ltr'>et</span> <span class='ocrx_word' id='word_1_146' title='bbox 1803 1852 2181 1930; x_wconf 86' lang='lat' dir='ltr'>suspicaba-</span> 
     </span>
     <span class='ocr_line' id='line_1_19' title="bbox 262 1941 2178 2020; baseline 0 -18"><span class='ocrx_word' id='word_1_147' title='bbox 262 1947 388 2002; x_wconf 88' lang='lat' dir='ltr'>tur.</span> <span class='ocrx_word' id='word_1_148' title='bbox 426 1942 615 2001; x_wconf 85' lang='lat' dir='ltr'>Mittit</span> <span class='ocrx_word' id='word_1_149' title='bbox 662 1941 914 2001; x_wconf 83' lang='lat' dir='ltr'>homini</span> <span class='ocrx_word' id='word_1_150' title='bbox 961 1958 1238 2001; x_wconf 89' lang='lat' dir='ltr'>munera</span> <span class='ocrx_word' id='word_1_151' title='bbox 1268 1942 1429 2001; x_wconf 86' lang='lat' dir='ltr'>satis</span> <span class='ocrx_word' id='word_1_152' title='bbox 1459 1942 1657 2020; x_wconf 86' lang='lat' dir='ltr'>large,</span> <span class='ocrx_word' id='word_1_153' title='bbox 1691 1942 1828 2001; x_wconf 79' lang='lat' dir='ltr'>haec</span> <span class='ocrx_word' id='word_1_154' title='bbox 1875 1941 1955 2001; x_wconf 89' lang='lat' dir='ltr'>ad</span> <span class='ocrx_word' id='word_1_155' title='bbox 1983 1959 2178 2002; x_wconf 85' lang='lat' dir='ltr'>usum</span> 
     </span>
     <span class='ocr_line' id='line_1_20' title="bbox 268 2030 2173 2108; baseline -0.001 -15"><span class='ocrx_word' id='word_1_156' title='bbox 268 2033 704 2094; x_wconf 89' lang='lat' dir='ltr'>domesticum</span> <span class='ocrx_word' id='word_1_157' title='bbox 732 2050 744 2091; x_wconf 82' lang='lat' dir='ltr'>z</span> <span class='ocrx_word' id='word_1_158' title='bbox 780 2032 939 2104; x_wconf 89' lang='lat' dir='ltr'>vini,</span> <span class='ocrx_word' id='word_1_159' title='bbox 964 2031 1091 2091; x_wconf 91' lang='lat' dir='ltr'>olei</span> <span class='ocrx_word' id='word_1_160' title='bbox 1125 2030 1300 2108; x_wconf 90' lang='lat' dir='ltr'>quod</span> <span class='ocrx_word' id='word_1_161' title='bbox 1331 2032 1548 2091; x_wconf 86' lang='lat' dir='ltr'>visum</span> <span class='ocrx_word' id='word_1_162' title='bbox 1576 2037 1693 2106; x_wconf 87' lang='lat' dir='ltr'>est,</span> <span class='ocrx_word' id='word_1_163' title='bbox 1730 2033 1924 2091; x_wconf 89' lang='lat' dir='ltr'>etiam</span> <span class='ocrx_word' id='word_1_164' title='bbox 1956 2030 2173 2104; x_wconf 89' lang='lat' dir='ltr'>tritici,</span> 
     </span>
     <span class='ocr_line' id='line_1_21' title="bbox 264 2119 2176 2200; baseline -0.001 -19"><span class='ocrx_word' id='word_1_165' title='bbox 264 2121 436 2200; x_wconf 89' lang='lat' dir='ltr'>quod</span> <span class='ocrx_word' id='word_1_166' title='bbox 475 2122 631 2181; x_wconf 86' lang='lat' dir='ltr'>satis</span> <span class='ocrx_word' id='word_1_167' title='bbox 687 2123 898 2182; x_wconf 86' lang='lat' dir='ltr'>esset⁷</span> <span class='ocrx_word' id='word_1_168' title='bbox 945 2121 1022 2181; x_wconf 93' lang='lat' dir='ltr'>de</span> <span class='ocrx_word' id='word_1_169' title='bbox 1075 2122 1212 2180; x_wconf 86' lang='lat' dir='ltr'>suis</span> <span class='ocrx_word' id='word_1_170' title='bbox 1264 2121 1560 2181; x_wconf 85' lang='lat' dir='ltr'>decumis</span> <span class='ocrx_word' id='word_1_171' title='bbox 1583 2119 1626 2180; x_wconf 80' lang='lat'>⁸.</span> <span class='ocrx_word' id='word_1_172' title='bbox 1677 2121 1917 2181; x_wconf 92' lang='lat' dir='ltr'>Deinde</span> <span class='ocrx_word' id='word_1_173' title='bbox 1958 2122 2176 2198; x_wconf 87' lang='lat' dir='ltr'>ipsum</span> 
     </span>
     <span class='ocr_line' id='line_1_22' title="bbox 270 2209 2177 2291; baseline -0.001 -20"><span class='ocrx_word' id='word_1_174' title='bbox 270 2227 490 2289; x_wconf 81' lang='lat' dir='ltr'>regem</span> <span class='ocrx_word' id='word_1_175' title='bbox 516 2209 597 2271; x_wconf 88' lang='lat' dir='ltr'>ad</span> <span class='ocrx_word' id='word_1_176' title='bbox 616 2227 846 2274; x_wconf 86' lang='lat' dir='ltr'>cenam</span> <span class='ocrx_word' id='word_1_177' title='bbox 867 2210 1140 2271; x_wconf 88' lang='lat' dir='ltr'>vocavit.</span> <span class='ocrx_word' id='word_1_178' title='bbox 1167 2212 1448 2277; x_wconf 79' lang='lat' dir='ltr'>Exornat</span> <span class='ocrx_word' id='word_1_179' title='bbox 1468 2211 1679 2287; x_wconf 89' lang='lat' dir='ltr'>ample</span> <span class='ocrx_word' id='word_1_180' title='bbox 1712 2211 2177 2291; x_wconf 80' lang='lat' dir='ltr'>magnificeque</span> 
     </span>
     <span class='ocr_line' id='line_1_23' title="bbox 260 2299 2181 2379; baseline -0.001 -20"><span class='ocrx_word' id='word_1_181' title='bbox 260 2299 655 2375; x_wconf 78' lang='lat' dir='ltr'>triclinium3</span> <span class='ocrx_word' id='word_1_182' title='bbox 688 2300 956 2379; x_wconf 76' lang='lat' dir='ltr'>exponit</span> <span class='ocrx_word' id='word_1_183' title='bbox 986 2317 1078 2373; x_wconf 87' lang='lat' dir='ltr'>ea,</span> <span class='ocrx_word' id='word_1_184' title='bbox 1116 2299 1357 2379; x_wconf 88' lang='lat' dir='ltr'>quibus</span> <span class='ocrx_word' id='word_1_185' title='bbox 1377 2300 1768 2371; x_wconf 86' lang='lat' dir='ltr'>abundabat,</span> <span class='ocrx_word' id='word_1_186' title='bbox 1803 2299 2083 2379; x_wconf 90' lang='lat' dir='ltr'>plurima</span> <span class='ocrx_word' id='word_1_187' title='bbox 2118 2302 2181 2358; x_wconf 88' lang='lat' dir='ltr'>et</span> 
     </span>
     <span class='ocr_line' id='line_1_24' title="bbox 262 2388 2178 2467; baseline 0.002 -18"><span class='ocrx_word' id='word_1_188' title='bbox 262 2389 702 2466; x_wconf 86' lang='lat' dir='ltr'>pulcherrima</span> <span class='ocrx_word' id='word_1_189' title='bbox 740 2406 894 2451; x_wconf 86' lang='lat' dir='ltr'>vasa</span> <span class='ocrx_word' id='word_1_190' title='bbox 941 2392 1240 2467; x_wconf 85' lang='lat' dir='ltr'>argentea</span> <span class='ocrx_word' id='word_1_191' title='bbox 1276 2406 1292 2451; x_wconf 72' lang='grc' dir='ltr'>ε</span> <span class='ocrx_word' id='word_1_192' title='bbox 1340 2405 1490 2448; x_wconf 89' lang='lat' dir='ltr'>nam</span> <span class='ocrx_word' id='word_1_193' title='bbox 1535 2388 1675 2451; x_wconf 80' lang='lat' dir='ltr'>haec</span> <span class='ocrx_word' id='word_1_194' title='bbox 1721 2405 1912 2448; x_wconf 90' lang='lat' dir='ltr'>aurea</span> <span class='ocrx_word' id='word_1_195' title='bbox 1943 2389 1965 2422; x_wconf 80' lang='lat'><strong>⁹</strong></span> <span class='ocrx_word' id='word_1_196' title='bbox 2011 2405 2178 2453; x_wconf 82' lang='lat' dir='ltr'>non-</span> 
     </span>
     <span class='ocr_line' id='line_1_25' title="bbox 263 2477 2180 2546; baseline -0.002 -5"><span class='ocrx_word' id='word_1_197' title='bbox 263 2478 419 2541; x_wconf 93' lang='lat' dir='ltr'>dum</span> <span class='ocrx_word' id='word_1_198' title='bbox 473 2477 735 2546; x_wconf 77' lang='lat' dir='ltr'>fecerat,</span> <span class='ocrx_word' id='word_1_199' title='bbox 797 2477 1116 2543; x_wconf 84' lang='lat' dir='ltr'>Omnibus</span> <span class='ocrx_word' id='word_1_200' title='bbox 1183 2482 1366 2540; x_wconf 86' lang='lat' dir='ltr'>curat</span> <span class='ocrx_word' id='word_1_201' title='bbox 1416 2477 1612 2539; x_wconf 88' lang='lat' dir='ltr'>rebus</span> <span class='ocrx_word' id='word_1_202' title='bbox 1667 2478 2059 2545; x_wconf 86' lang='lat' dir='ltr'>instructum</span> <span class='ocrx_word' id='word_1_203' title='bbox 2118 2481 2180 2541; x_wconf 85' lang='lat' dir='ltr'>et</span> 
     </span>
     <span class='ocr_line' id='line_1_26' title="bbox 264 2566 2179 2646; baseline 0.001 -19"><span class='ocrx_word' id='word_1_204' title='bbox 264 2570 563 2646; x_wconf 88' lang='lat' dir='ltr'>paratum</span> <span class='ocrx_word' id='word_1_205' title='bbox 594 2566 773 2637; x_wconf 68' lang='lat' dir='ltr'>ut&#39;sit</span> <span class='ocrx_word' id='word_1_206' title='bbox 801 2568 1196 2633; x_wconf 86' lang='lat' dir='ltr'>convivium.</span> <span class='ocrx_word' id='word_1_207' title='bbox 1234 2566 1401 2646; x_wconf 84' lang='lat' dir='ltr'>Quid</span> <span class='ocrx_word' id='word_1_208' title='bbox 1449 2566 1695 2633; x_wconf 74' lang='lat' dir='ltr'>multa?</span> <span class='ocrx_word' id='word_1_209' title='bbox 1753 2584 1866 2629; x_wconf 86' lang='lat' dir='ltr'>rex</span> <span class='ocrx_word' id='word_1_210' title='bbox 1918 2567 2005 2631; x_wconf 82' lang='lat' dir='ltr'>ita</span> <span class='ocrx_word' id='word_1_211' title='bbox 2046 2566 2179 2629; x_wconf 84' lang='lat' dir='ltr'>dis-</span> 
     </span>
    </p>
   </div>
   <div class='ocr_carea' id='block_1_3' title="bbox 266 2715 2180 2825">
    <p class='ocr_par' dir='ltr' id='par_1_3' title="bbox 266 2715 2180 2825">
     <span class='ocr_line' id='line_1_27' title="bbox 315 2715 2180 2772; baseline 0.001 -12"><span class='ocrx_word' id='word_1_212' title='bbox 315 2715 361 2760; x_wconf 88' lang='lat'>1.</span> <span class='ocrx_word' id='word_1_213' title='bbox 391 2716 597 2761; x_wconf 82' lang='lat' dir='ltr'>Dicione.</span> <span class='ocrx_word' id='word_1_214' title='bbox 625 2717 739 2759; x_wconf 85' lang='lat' dir='ltr'>Voir</span> <span class='ocrx_word' id='word_1_215' title='bbox 767 2717 817 2759; x_wconf 86' lang='lat' dir='ltr'>la</span> <span class='ocrx_word' id='word_1_216' title='bbox 844 2719 951 2759; x_wconf 87' lang='lat' dir='ltr'>note</span> <span class='ocrx_word' id='word_1_217' title='bbox 979 2715 1006 2760; x_wconf 89' lang='lat'><strong>8</strong></span> <span class='ocrx_word' id='word_1_218' title='bbox 1036 2717 1093 2760; x_wconf 88' lang='lat' dir='ltr'>de</span> <span class='ocrx_word' id='word_1_219' title='bbox 1122 2716 1170 2759; x_wconf 90' lang='lat' dir='ltr'>la</span> <span class='ocrx_word' id='word_1_220' title='bbox 1279 2728 1374 2759; x_wconf 86' lang='lat' dir='ltr'>aux</span> <span class='ocrx_word' id='word_1_221' title='bbox 1404 2728 1599 2772; x_wconf 85' lang='lat' dir='ltr'>guerres</span> <span class='ocrx_word' id='word_1_222' title='bbox 1647 2718 1703 2761; x_wconf 88' lang='lat' dir='ltr'>de</span> <span class='ocrx_word' id='word_1_223' title='bbox 1743 2717 1980 2761; x_wconf 85' lang='lat' dir='ltr'>Sertorius</span> <span class='ocrx_word' id='word_1_224' title='bbox 2024 2720 2070 2762; x_wconf 87' lang='lat' dir='ltr'>et</span> <span class='ocrx_word' id='word_1_225' title='bbox 2097 2718 2180 2761; x_wconf 89' lang='lat' dir='ltr'>des</span> 
     </span>
     <span class='ocr_line' id='line_1_28' title="bbox 266 2769 1471 2825; baseline 0 -13"><span class='ocrx_word' id='word_1_226' title='bbox 266 2777 382 2825; x_wconf 79' lang='lat' dir='ltr'>page</span> <span class='ocrx_word' id='word_1_227' title='bbox 405 2769 473 2815; x_wconf 78' lang='lat'>85.</span> <span class='ocrx_word' id='word_1_228' title='bbox 1277 2771 1471 2825; x_wconf 81' lang='lat' dir='ltr'>pirates.</span> 
     </span>
    </p>
   </div>
   <div class='ocr_carea' id='block_1_4' title="bbox 268 2822 2185 2987">
    <p class='ocr_par' dir='ltr' id='par_1_4' title="bbox 268 2822 2185 2987">
     <span class='ocr_line' id='line_1_29' title="bbox 316 2822 2183 2883; baseline 0.001 -17"><span class='ocrx_word' id='word_1_229' title='bbox 316 2825 361 2869; x_wconf 69' lang='lat' dir='ltr'>Q.</span> <span class='ocrx_word' id='word_1_230' title='bbox 390 2822 625 2871; x_wconf 80' lang='lat' dir='ltr'>Antiochi,</span> <span class='ocrx_word' id='word_1_231' title='bbox 650 2823 912 2866; x_wconf 83' lang='lat' dir='ltr'>Antiochus</span> <span class='ocrx_word' id='word_1_232' title='bbox 938 2824 980 2867; x_wconf 90' lang='lat' dir='ltr'>le</span> <span class='ocrx_word' id='word_1_233' title='bbox 997 2825 1167 2873; x_wconf 84' lang='lat' dir='ltr'>Pieux‚</span> <span class='ocrx_word' id='word_1_234' title='bbox 1330 2823 1378 2868; x_wconf 79' lang='lat'>5.</span> <span class='ocrx_word' id='word_1_235' title='bbox 1402 2825 1669 2868; x_wconf 73' lang='lat' dir='ltr'>Antiochus,</span> <span class='ocrx_word' id='word_1_236' title='bbox 1698 2825 1885 2869; x_wconf 87' lang='lat' dir='ltr'>L’autre</span> <span class='ocrx_word' id='word_1_237' title='bbox 1910 2826 2073 2880; x_wconf 87' lang='lat' dir='ltr'>prince</span> <span class='ocrx_word' id='word_1_238' title='bbox 2111 2837 2183 2883; x_wconf 77' lang='lat' dir='ltr'>sy-</span> 
     </span>
     <span class='ocr_line' id='line_1_30' title="bbox 268 2875 1985 2931; baseline 0.001 -12"><span class='ocrx_word' id='word_1_239' title='bbox 268 2878 337 2919; x_wconf 89' lang='lat' dir='ltr'>roi</span> <span class='ocrx_word' id='word_1_240' title='bbox 377 2877 433 2919; x_wconf 87' lang='lat' dir='ltr'>de</span> <span class='ocrx_word' id='word_1_241' title='bbox 472 2877 622 2931; x_wconf 71' lang='lat' dir='ltr'>Syrie,</span> <span class='ocrx_word' id='word_1_242' title='bbox 650 2877 780 2920; x_wconf 83' lang='lat' dir='ltr'>avait</span> <span class='ocrx_word' id='word_1_243' title='bbox 823 2877 894 2921; x_wconf 74' lang='lat' dir='ltr'>ete</span> <span class='ocrx_word' id='word_1_244' title='bbox 919 2875 1090 2921; x_wconf 77' lang='lat' dir='ltr'>chasse</span> <span class='ocrx_word' id='word_1_245' title='bbox 1111 2877 1168 2921; x_wconf 87' lang='lat' dir='ltr'>de</span> <span class='ocrx_word' id='word_1_246' title='bbox 1278 2879 1382 2922; x_wconf 92' lang='lat' dir='ltr'>rien</span> <span class='ocrx_word' id='word_1_247' title='bbox 1408 2890 1459 2922; x_wconf 85' lang='lat' dir='ltr'>se</span> <span class='ocrx_word' id='word_1_248' title='bbox 1482 2880 1717 2922; x_wconf 87' lang='lat' dir='ltr'>nommait</span> <span class='ocrx_word' id='word_1_249' title='bbox 1741 2877 1985 2923; x_wconf 80' lang='lat' dir='ltr'>Seleucus.</span> 
     </span>
     <span class='ocr_line' id='line_1_31' title="bbox 269 2929 2185 2987; baseline 0.001 -14"><span class='ocrx_word' id='word_1_250' title='bbox 269 2941 353 2975; x_wconf 81' lang='lat' dir='ltr'>son</span> <span class='ocrx_word' id='word_1_251' title='bbox 377 2940 606 2987; x_wconf 85' lang='lat' dir='ltr'>royaume</span> <span class='ocrx_word' id='word_1_252' title='bbox 669 2942 723 2973; x_wconf 87' lang='lat' dir='ltr'>ar</span> <span class='ocrx_word' id='word_1_253' title='bbox 742 2930 812 2977; x_wconf 86' lang='lat' dir='ltr'>les</span> <span class='ocrx_word' id='word_1_254' title='bbox 842 2929 976 2979; x_wconf 75' lang='lat' dir='ltr'>allies</span> <span class='ocrx_word' id='word_1_255' title='bbox 998 2931 1054 2977; x_wconf 86' lang='lat' dir='ltr'>de</span> <span class='ocrx_word' id='word_1_256' title='bbox 1084 2933 1169 2975; x_wconf 88' lang='lat' dir='ltr'>Mi·</span> <span class='ocrx_word' id='word_1_257' title='bbox 1330 2932 1372 2979; x_wconf 86' lang='grc'>6,</span> <span class='ocrx_word' id='word_1_258' title='bbox 1400 2932 1616 2985; x_wconf 70' lang='lat' dir='ltr'>Reynum.</span> <span class='ocrx_word' id='word_1_259' title='bbox 1634 2933 1824 2981; x_wconf 78' lang='lat' dir='ltr'>Verres,</span> <span class='ocrx_word' id='word_1_260' title='bbox 1840 2945 1898 2977; x_wconf 88' lang='lat' dir='ltr'>en</span> <span class='ocrx_word' id='word_1_261' title='bbox 1920 2932 2044 2982; x_wconf 84' lang='lat' dir='ltr'>effet,</span> <span class='ocrx_word' id='word_1_262' title='bbox 2065 2931 2185 2975; x_wconf 86' lang='lat' dir='ltr'>n’est</span> 
     </span>
    </p>
   </div>
   <div class='ocr_carea' id='block_1_5' title="bbox 268 2982 2185 3095">
    <p class='ocr_par' dir='ltr' id='par_1_5' title="bbox 268 2982 2185 3095">
     <span class='ocr_line' id='line_1_32' title="bbox 269 2982 2185 3042; baseline 0.002 -17"><span class='ocrx_word' id='word_1_263' title='bbox 269 2984 487 3027; x_wconf 86' lang='lat' dir='ltr'>thridate.</span> <span class='ocrx_word' id='word_1_264' title='bbox 524 2983 620 3037; x_wconf 87' lang='lat' dir='ltr'>Apr</span> <span class='ocrx_word' id='word_1_265' title='bbox 651 2995 674 3027; x_wconf 85' lang='grc'><strong>8</strong></span> <span class='ocrx_word' id='word_1_266' title='bbox 704 2984 751 3026; x_wconf 87' lang='lat' dir='ltr'>la</span> <span class='ocrx_word' id='word_1_267' title='bbox 791 2984 966 3028; x_wconf 75' lang='lat' dir='ltr'>defaite</span> <span class='ocrx_word' id='word_1_268' title='bbox 1009 2982 1170 3028; x_wconf 75' lang='lat' dir='ltr'>defini·</span> <span class='ocrx_word' id='word_1_269' title='bbox 1278 2996 1364 3039; x_wconf 88' lang='lat' dir='ltr'>pas</span> <span class='ocrx_word' id='word_1_270' title='bbox 1407 2997 1473 3028; x_wconf 90' lang='lat' dir='ltr'>un</span> <span class='ocrx_word' id='word_1_271' title='bbox 1512 2988 1764 3042; x_wconf 86' lang='lat' dir='ltr'>magistrat</span> <span class='ocrx_word' id='word_1_272' title='bbox 1791 2986 1848 3030; x_wconf 88' lang='lat' dir='ltr'>de</span> <span class='ocrx_word' id='word_1_273' title='bbox 1882 2986 1930 3029; x_wconf 86' lang='lat' dir='ltr'>la</span> <span class='ocrx_word' id='word_1_274' title='bbox 1956 2985 2185 3040; x_wconf 75' lang='lat' dir='ltr'>Republi-</span> 
     </span>
     <span class='ocr_line' id='line_1_33' title="bbox 268 3036 1936 3095; baseline 0.003 -16"><span class='ocrx_word' id='word_1_275' title='bbox 268 3037 361 3080; x_wconf 85' lang='lat' dir='ltr'>tive</span> <span class='ocrx_word' id='word_1_276' title='bbox 385 3037 449 3079; x_wconf 88' lang='lat' dir='ltr'>du</span> <span class='ocrx_word' id='word_1_277' title='bbox 474 3037 547 3079; x_wconf 87' lang='lat' dir='ltr'>roi</span> <span class='ocrx_word' id='word_1_278' title='bbox 585 3036 650 3079; x_wconf 91' lang='lat' dir='ltr'>du</span> <span class='ocrx_word' id='word_1_279' title='bbox 683 3038 806 3080; x_wconf 91' lang='lat' dir='ltr'>Pont</span> <span class='ocrx_word' id='word_1_280' title='bbox 830 3049 915 3092; x_wconf 87' lang='lat' dir='ltr'>par</span> <span class='ocrx_word' id='word_1_281' title='bbox 937 3039 1168 3082; x_wconf 85' lang='lat' dir='ltr'>Lucullus</span> <span class='ocrx_word' id='word_1_282' title='bbox 1280 3050 1388 3095; x_wconf 86' lang='lat' dir='ltr'>que,</span> <span class='ocrx_word' id='word_1_283' title='bbox 1417 3042 1539 3083; x_wconf 88' lang='lat' dir='ltr'>mais</span> <span class='ocrx_word' id='word_1_284' title='bbox 1566 3053 1631 3083; x_wconf 88' lang='lat' dir='ltr'>un</span> <span class='ocrx_word' id='word_1_285' title='bbox 1650 3041 1756 3084; x_wconf 85' lang='lat' dir='ltr'>vrai</span> <span class='ocrx_word' id='word_1_286' title='bbox 1779 3043 1795 3083; x_wconf 91' lang='lat' dir='ltr'>t</span> <span class='ocrx_word' id='word_1_287' title='bbox 1828 3052 1936 3084; x_wconf 87' lang='lat' dir='ltr'>ran.</span> 
     </span>
    </p>
   </div>
   <div class='ocr_carea' id='block_1_6' title="bbox 271 3088 2185 3256">
    <p class='ocr_par' dir='ltr' id='par_1_6' title="bbox 271 3088 2185 3256">
     <span class='ocr_line' id='line_1_34' title="bbox 287 3088 2185 3149; baseline 0.002 -17"><span class='ocrx_word' id='word_1_288' title='bbox 287 3088 369 3143; x_wconf 72' lang='lat'>74).</span> <span class='ocrx_word' id='word_1_289' title='bbox 391 3089 464 3134; x_wconf 86' lang='lat' dir='ltr'>les</span> <span class='ocrx_word' id='word_1_290' title='bbox 484 3089 557 3133; x_wconf 85' lang='lat' dir='ltr'>fils</span> <span class='ocrx_word' id='word_1_291' title='bbox 586 3089 896 3134; x_wconf 84' lang='lat' dir='ltr'>d‘Antiochus</span> <span class='ocrx_word' id='word_1_292' title='bbox 927 3093 1118 3136; x_wconf 80' lang='lat' dir='ltr'>vim-ent</span> <span class='ocrx_word' id='word_1_293' title='bbox 1142 3092 1171 3135; x_wconf 80' lang='lat' dir='ltr'>a</span> <span class='ocrx_word' id='word_1_294' title='bbox 1334 3096 1373 3135; x_wconf 88' lang='lat'>7.</span> <span class='ocrx_word' id='word_1_295' title='bbox 1396 3093 1548 3136; x_wconf 75' lang='lat' dir='ltr'>Esset.</span> <span class='ocrx_word' id='word_1_296' title='bbox 1576 3095 1635 3137; x_wconf 89' lang='lat' dir='ltr'>Ce</span> <span class='ocrx_word' id='word_1_297' title='bbox 1652 3105 1742 3149; x_wconf 86' lang='lat' dir='ltr'>que</span> <span class='ocrx_word' id='word_1_298' title='bbox 1808 3092 1936 3139; x_wconf 75' lang='lat' dir='ltr'>erres</span> <span class='ocrx_word' id='word_1_299' title='bbox 1956 3095 2068 3148; x_wconf 76' lang='lat' dir='ltr'>juge</span> <span class='ocrx_word' id='word_1_300' title='bbox 2089 3094 2185 3137; x_wconf 84' lang='lat' dir='ltr'>suf-</span> 
     </span>
     <span class='ocr_line' id='line_1_35' title="bbox 314 3142 1443 3196; baseline 0.004 -11"><span class='ocrx_word' id='word_1_301' title='bbox 314 3153 421 3187; x_wconf 86' lang='lat' dir='ltr'>ome</span> <span class='ocrx_word' id='word_1_302' title='bbox 441 3154 557 3187; x_wconf 80' lang='lat' dir='ltr'>aveo</span> <span class='ocrx_word' id='word_1_303' title='bbox 582 3145 685 3188; x_wconf 89' lang='lat' dir='ltr'>leur</span> <span class='ocrx_word' id='word_1_304' title='bbox 716 3144 844 3188; x_wconf 74' lang='lat' dir='ltr'>mere</span> <span class='ocrx_word' id='word_1_305' title='bbox 870 3142 1051 3196; x_wconf 70' lang='lat' dir='ltr'>Selene,</span> <span class='ocrx_word' id='word_1_306' title='bbox 1074 3145 1169 3191; x_wconf 83' lang='lat' dir='ltr'>fille</span> <span class='ocrx_word' id='word_1_307' title='bbox 1281 3146 1443 3191; x_wconf 80' lang='lat' dir='ltr'>fisant.</span> 
     </span>
     <span class='ocr_line' id='line_1_36' title="bbox 271 3194 2182 3256; baseline 0.002 -18"><span class='ocrx_word' id='word_1_308' title='bbox 271 3196 333 3239; x_wconf 91' lang='lat' dir='ltr'>du</span> <span class='ocrx_word' id='word_1_309' title='bbox 373 3197 443 3240; x_wconf 89' lang='lat' dir='ltr'>roi</span> <span class='ocrx_word' id='word_1_310' title='bbox 494 3194 735 3242; x_wconf 63' lang='lat' dir='ltr'>Ptolemae</span> <span class='ocrx_word' id='word_1_311' title='bbox 785 3198 1029 3256; x_wconf 70' lang='lat' dir='ltr'>d&#39;Egypte,</span> <span class='ocrx_word' id='word_1_312' title='bbox 1050 3211 1170 3254; x_wconf 89' lang='lat' dir='ltr'>pour</span> <span class='ocrx_word' id='word_1_313' title='bbox 1334 3202 1374 3242; x_wconf 89' lang='grc'>8.</span> <span class='ocrx_word' id='word_1_314' title='bbox 1413 3200 1628 3242; x_wconf 76' lang='lat' dir='ltr'>Decmnis,</span> <span class='ocrx_word' id='word_1_315' title='bbox 1675 3201 1804 3243; x_wconf 88' lang='lat' dir='ltr'>Pour</span> <span class='ocrx_word' id='word_1_316' title='bbox 1829 3201 1873 3243; x_wconf 92' lang='lat' dir='ltr'>le</span> <span class='ocrx_word' id='word_1_317' title='bbox 1913 3201 2182 3256; x_wconf 77' lang='lat' dir='ltr'>frumentum</span> 
     </span>
    </p>
   </div>
   <div class='ocr_carea' id='block_1_7' title="bbox 272 3250 2185 3365">
    <p class='ocr_par' dir='ltr' id='par_1_7' title="bbox 272 3250 2185 3365">
     <span class='ocr_line' id='line_1_37' title="bbox 272 3250 2183 3313; baseline 0.002 -19"><span class='ocrx_word' id='word_1_318' title='bbox 272 3250 529 3313; x_wconf 73' lang='lat' dir='ltr'>demandet</span> <span class='ocrx_word' id='word_1_319' title='bbox 553 3250 695 3308; x_wconf 85' lang='lat' dir='ltr'>qu&#39;on</span> <span class='ocrx_word' id='word_1_320' title='bbox 718 3252 822 3296; x_wconf 85' lang='lat' dir='ltr'>leur</span> <span class='ocrx_word' id='word_1_321' title='bbox 847 3253 1003 3299; x_wconf 84' lang='lat' dir='ltr'>rendit</span> <span class='ocrx_word' id='word_1_322' title='bbox 1021 3255 1067 3297; x_wconf 90' lang='lat' dir='ltr'>la</span> <span class='ocrx_word' id='word_1_323' title='bbox 1087 3255 1170 3310; x_wconf 77' lang='lat' dir='ltr'>Sy·</span> <span class='ocrx_word' id='word_1_324' title='bbox 1279 3253 1580 3303; x_wconf 76' lang='lat' dir='ltr'>decumanmn,</span> <span class='ocrx_word' id='word_1_325' title='bbox 1610 3255 1714 3296; x_wconf 88' lang='lat' dir='ltr'>voir</span> <span class='ocrx_word' id='word_1_326' title='bbox 1739 3266 1782 3311; x_wconf 87' lang='lat' dir='ltr'>p.</span> <span class='ocrx_word' id='word_1_327' title='bbox 1814 3254 1906 3301; x_wconf 85' lang='lat'>183.</span> <span class='ocrx_word' id='word_1_328' title='bbox 1929 3256 2101 3298; x_wconf 82' lang='lat' dir='ltr'>Verres</span> <span class='ocrx_word' id='word_1_329' title='bbox 2124 3266 2183 3298; x_wconf 90' lang='lat' dir='ltr'>ne</span> 
     </span>
     <span class='ocr_line' id='line_1_38' title="bbox 272 3307 2185 3365; baseline 0.003 -20"><span class='ocrx_word' id='word_1_330' title='bbox 272 3314 355 3349; x_wconf 72' lang='lat' dir='ltr'>rie.</span> <span class='ocrx_word' id='word_1_331' title='bbox 442 3330 449 3335; x_wconf 86' lang='lat'>-</span> <span class='ocrx_word' id='word_1_332' title='bbox 1280 3307 1486 3361; x_wconf 81' lang='lat' dir='ltr'>depense</span> <span class='ocrx_word' id='word_1_333' title='bbox 1513 3308 1638 3357; x_wconf 87' lang='lat' dir='ltr'>rien,</span> <span class='ocrx_word' id='word_1_334' title='bbox 1659 3309 1767 3361; x_wconf 86' lang='lat' dir='ltr'>puis</span> <span class='ocrx_word' id='word_1_335' title='bbox 1804 3308 1886 3350; x_wconf 88' lang='lat' dir='ltr'>u‘il</span> <span class='ocrx_word' id='word_1_336' title='bbox 1925 3307 2074 3365; x_wconf 86' lang='lat' dir='ltr'>prend</span> <span class='ocrx_word' id='word_1_337' title='bbox 2102 3319 2185 3351; x_wconf 87' lang='lat' dir='ltr'>sur</span> 
     </span>
    </p>
   </div>
   <div class='ocr_carea' id='block_1_8' title="bbox 323 3356 2187 3416">
    <p class='ocr_par' dir='ltr' id='par_1_8' title="bbox 323 3356 2187 3416">
     <span class='ocr_line' id='line_1_39' title="bbox 323 3356 2187 3416; baseline 0.002 -17"><span class='ocrx_word' id='word_1_338' title='bbox 323 3356 369 3402; x_wconf 78' lang='lat'>3.</span> <span class='ocrx_word' id='word_1_339' title='bbox 402 3357 683 3401; x_wconf 73' lang='lat' dir='ltr'>obtinebant.</span> <span class='ocrx_word' id='word_1_340' title='bbox 702 3371 727 3403; x_wconf 86' lang='lat'>«</span> <span class='ocrx_word' id='word_1_341' title='bbox 743 3361 809 3404; x_wconf 85' lang='lat' dir='ltr'>Ils</span> <span class='ocrx_word' id='word_1_342' title='bbox 823 3361 1047 3404; x_wconf 86' lang='lat' dir='ltr'>devaient</span> <span class='ocrx_word' id='word_1_343' title='bbox 1071 3372 1173 3416; x_wconf 86' lang='lat' dir='ltr'>gar-</span> <span class='ocrx_word' id='word_1_344' title='bbox 1280 3361 1352 3404; x_wconf 81' lang='lat' dir='ltr'>les</span> <span class='ocrx_word' id='word_1_345' title='bbox 1381 3359 1532 3402; x_wconf 82' lang='lat' dir='ltr'>dimes</span> <span class='ocrx_word' id='word_1_346' title='bbox 1581 3363 1778 3415; x_wconf 86' lang='lat' dir='ltr'>extorqu</span> <span class='ocrx_word' id='word_1_347' title='bbox 1809 3372 1861 3404; x_wconf 85' lang='lat' dir='ltr'>es</span> <span class='ocrx_word' id='word_1_348' title='bbox 1887 3360 1915 3404; x_wconf 75' lang='lat' dir='ltr'>a</span> <span class='ocrx_word' id='word_1_349' title='bbox 1940 3372 2016 3403; x_wconf 87' lang='lat' dir='ltr'>ses</span> <span class='ocrx_word' id='word_1_350' title='bbox 2039 3359 2187 3407; x_wconf 87' lang='lat' dir='ltr'>admi-</span> 
     </span>
    </p>
   </div>
   <div class='ocr_carea' id='block_1_9' title="bbox 278 3409 2189 3575">
    <p class='ocr_par' dir='ltr' id='par_1_9' title="bbox 278 3409 2189 3575">
     <span class='ocr_line' id='line_1_40' title="bbox 278 3409 1479 3469; baseline 0.003 -17"><span class='ocrx_word' id='word_1_351' title='bbox 278 3409 356 3454; x_wconf 82' lang='lat' dir='ltr'>der</span> <span class='ocrx_word' id='word_1_352' title='bbox 382 3428 403 3450; x_wconf 73' lang='lat' dir='ltr'>v·</span> <span class='ocrx_word' id='word_1_353' title='bbox 425 3411 471 3454; x_wconf 85' lang='lat' dir='ltr'>la</span> <span class='ocrx_word' id='word_1_354' title='bbox 501 3412 634 3469; x_wconf 75' lang='lat' dir='ltr'>Syrie</span> <span class='ocrx_word' id='word_1_355' title='bbox 663 3426 672 3463; x_wconf 91' lang='grc'>;</span> <span class='ocrx_word' id='word_1_356' title='bbox 700 3415 822 3456; x_wconf 84' lang='lat' dir='ltr'>mais</span> <span class='ocrx_word' id='word_1_357' title='bbox 854 3415 941 3458; x_wconf 90' lang='lat' dir='ltr'>elle</span> <span class='ocrx_word' id='word_1_358' title='bbox 966 3415 1040 3459; x_wconf 85' lang='lat' dir='ltr'>sut</span> <span class='ocrx_word' id='word_1_359' title='bbox 1096 3413 1172 3456; x_wconf 83' lang='lat' dir='ltr'>lus</span> <span class='ocrx_word' id='word_1_360' title='bbox 1280 3411 1479 3456; x_wconf 76' lang='lat' dir='ltr'>nistres.</span> 
     </span>
     <span class='ocr_line' id='line_1_41' title="bbox 278 3424 2188 3561; baseline 0.003 -56"><span class='ocrx_word' id='word_1_361' title='bbox 278 3463 377 3507; x_wconf 84' lang='lat' dir='ltr'>tard</span> <span class='ocrx_word' id='word_1_362' title='bbox 402 3462 571 3511; x_wconf 69' lang='lat' dir='ltr'>reunie</span> <span class='ocrx_word' id='word_1_363' title='bbox 599 3466 637 3527; x_wconf 69' lang='lat' dir='ltr'>⁴a</span> <span class='ocrx_word' id='word_1_364' title='bbox 663 3466 708 3509; x_wconf 86' lang='lat' dir='ltr'>la</span> <span class='ocrx_word' id='word_1_365' title='bbox 741 3464 1041 3525; x_wconf 78' lang='lat' dir='ltr'>Republique</span> <span class='ocrx_word' id='word_1_366' title='bbox 1055 3424 1169 3561; x_wconf 50' lang='lat' dir='ltr'>Egit.</span> <span class='ocrx_word' id='word_1_367' title='bbox 1335 3465 1377 3509; x_wconf 86' lang='lat'>9.</span> <span class='ocrx_word' id='word_1_368' title='bbox 1416 3467 1582 3507; x_wconf 75' lang='lat' dir='ltr'>Aurea.</span> <span class='ocrx_word' id='word_1_369' title='bbox 1634 3466 1806 3510; x_wconf 79' lang='lat' dir='ltr'>Verres</span> <span class='ocrx_word' id='word_1_370' title='bbox 1861 3467 2021 3510; x_wconf 84' lang='lat' dir='ltr'>devait</span> <span class='ocrx_word' id='word_1_371' title='bbox 2066 3468 2188 3510; x_wconf 81' lang='lat' dir='ltr'>faire</span> 
     </span>
     <span class='ocr_line' id='line_1_42' title="bbox 328 3515 2189 3575; baseline -0.001 -14"><span class='ocrx_word' id='word_1_372' title='bbox 328 3515 371 3561; x_wconf 73' lang='lat'>4.</span> <span class='ocrx_word' id='word_1_373' title='bbox 407 3517 701 3570; x_wconf 68' lang='lat' dir='ltr'>Temporabm.</span> <span class='ocrx_word' id='word_1_374' title='bbox 775 3530 826 3562; x_wconf 84' lang='lat' dir='ltr'>es</span> <span class='ocrx_word' id='word_1_375' title='bbox 865 3522 1017 3575; x_wconf 82' lang='lat' dir='ltr'>temps</span> <span class='ocrx_word' id='word_1_376' title='bbox 1087 3531 1101 3561; x_wconf 84' lang='lat'><em>1</em></span> <span class='ocrx_word' id='word_1_377' title='bbox 1157 3544 1175 3551; x_wconf 96' lang='lat'>-</span> <span class='ocrx_word' id='word_1_378' title='bbox 1281 3531 1421 3563; x_wconf 81' lang='lat' dir='ltr'>aurea</span> <span class='ocrx_word' id='word_1_379' title='bbox 1443 3529 1518 3561; x_wconf 84' lang='lat' dir='ltr'>ses</span> <span class='ocrx_word' id='word_1_380' title='bbox 1551 3532 1659 3565; x_wconf 74' lang='lat' dir='ltr'>vasa</span> <span class='ocrx_word' id='word_1_381' title='bbox 1686 3525 1904 3575; x_wconf 72' lang='lat' dir='ltr'>arqentea</span> <span class='ocrx_word' id='word_1_382' title='bbox 1928 3531 1984 3562; x_wconf 87' lang='lat' dir='ltr'>en</span> <span class='ocrx_word' id='word_1_383' title='bbox 2016 3520 2085 3561; x_wconf 86' lang='lat' dir='ltr'>les</span> <span class='ocrx_word' id='word_1_384' title='bbox 2112 3531 2189 3574; x_wconf 85' lang='lat' dir='ltr'>pa-</span> 
     </span>
    </p>
   </div>
   <div class='ocr_carea' id='block_1_10' title="bbox 256 3569 1906 3628">
    <p class='ocr_par' dir='ltr' id='par_1_10' title="bbox 256 3569 1906 3628">
     <span class='ocr_line' id='line_1_43' title="bbox 256 3569 1906 3628; baseline 0.002 -15"><span class='ocrx_word' id='word_1_385' title='bbox 256 3571 389 3614; x_wconf 84' lang='lat' dir='ltr'>·ciles</span> <span class='ocrx_word' id='word_1_386' title='bbox 430 3570 486 3614; x_wconf 90' lang='lat' dir='ltr'>de</span> <span class='ocrx_word' id='word_1_387' title='bbox 521 3572 569 3613; x_wconf 83' lang='lat' dir='ltr'>la</span> <span class='ocrx_word' id='word_1_388' title='bbox 611 3569 742 3627; x_wconf 71' lang='lat' dir='ltr'>Repu</span> <span class='ocrx_word' id='word_1_389' title='bbox 778 3573 926 3628; x_wconf 79' lang='lat' dir='ltr'>lique,</span> <span class='ocrx_word' id='word_1_390' title='bbox 969 3570 1172 3627; x_wconf 67' lang='lat' dir='ltr'>occupee</span> <span class='ocrx_word' id='word_1_391' title='bbox 1281 3573 1395 3614; x_wconf 84' lang='lat' dir='ltr'>rant</span> <span class='ocrx_word' id='word_1_392' title='bbox 1411 3571 1731 3616; x_wconf 83' lang='lat' dir='ltr'>d’ornements</span> <span class='ocrx_word' id='word_1_393' title='bbox 1755 3572 1906 3616; x_wconf 77' lang='lat' dir='ltr'>voles.</span> 
     </span>
    </p>
   </div>
  </div>
 </body>
</html>
