<?xml version="1.0" encoding="UTF-8"?>
<!DOCTYPE html PUBLIC "-//W3C//DTD XHTML 1.0 Transitional//EN"
    "http://www.w3.org/TR/xhtml1/DTD/xhtml1-transitional.dtd">
<html xmlns="http://www.w3.org/1999/xhtml" xml:lang="en" lang="en">
 <head>
  <title>
</title>
<meta http-equiv="Content-Type" content="text/html;charset=utf-8" />
  <meta name='ocr-system' content='tesseract 3.04.00' />
  <meta name='ocr-capabilities' content='ocr_page ocr_carea ocr_par ocr_line ocrx_word'/>
</head>
<body>
  <div class='ocr_page' id='page_1' title='image "./extraitsetanaly00mirmgoog_0359.png"; bbox 0 0 2570 4026; ppageno 0'>
   <div class='ocr_carea' id='block_1_1' title="bbox 200 3389 1424 3448">
    <p class='ocr_par' dir='ltr' id='par_1_1' title="bbox 200 3389 1424 3448">
     <span class='ocr_line' id='line_1_1' title="bbox 200 3389 1424 3448; baseline 0.003 -16"><span class='ocrx_word' id='word_1_1' title='bbox 200 3394 212 3401; x_wconf 75' lang='grc'><em>”</em></span> <span class='ocrx_word' id='word_1_2' title='bbox 263 3391 319 3433; x_wconf 90' lang='lat' dir='ltr'>de</span> <span class='ocrx_word' id='word_1_3' title='bbox 355 3393 603 3434; x_wconf 84' lang='lat' dir='ltr'>retourner</span> <span class='ocrx_word' id='word_1_4' title='bbox 638 3404 749 3435; x_wconf 85' lang='lat' dir='ltr'>sous</span> <span class='ocrx_word' id='word_1_5' title='bbox 781 3394 935 3437; x_wconf 76' lang='lat' dir='ltr'>tontes</span> <span class='ocrx_word' id='word_1_6' title='bbox 966 3393 1035 3436; x_wconf 81' lang='lat' dir='ltr'>les</span> <span class='ocrx_word' id='word_1_7' title='bbox 1065 3389 1159 3436; x_wconf 74' lang='lat' dir='ltr'>for-</span> <span class='ocrx_word' id='word_1_8' title='bbox 1273 3392 1424 3448; x_wconf 82' lang='lat' dir='ltr'>grand</span> 
     </span>
    </p>
   </div>
   <div class='ocr_carea' id='block_1_2' title="bbox 1422 89 1461 102">
    <p class='ocr_par' dir='ltr' id='par_1_2' title="bbox 1422 89 1461 102">
     <span class='ocr_line' id='line_1_2' title="bbox 1422 89 1461 102; baseline 0 -2"><span class='ocrx_word' id='word_1_9' title='bbox 1422 89 1461 102; x_wconf 40' lang='lat' dir='ltr'>Q</span> 
     </span>
    </p>
   </div>
   <div class='ocr_carea' id='block_1_3' title="bbox 568 291 1904 341">
    <p class='ocr_par' dir='ltr' id='par_1_3' title="bbox 568 291 1904 341">
     <span class='ocr_line' id='line_1_3' title="bbox 568 291 1904 341; baseline 0 -2"><span class='ocrx_word' id='word_1_10' title='bbox 568 291 640 339; x_wconf 75' lang='lat' dir='ltr'>LE</span> <span class='ocrx_word' id='word_1_11' title='bbox 686 300 715 334; x_wconf 84' lang='lat'>«</span> <span class='ocrx_word' id='word_1_12' title='bbox 763 293 878 340; x_wconf 76' lang='lat' dir='ltr'>PRO</span> <span class='ocrx_word' id='word_1_13' title='bbox 918 295 980 339; x_wconf 72' lang='lat' dir='ltr'>A.</span> <span class='ocrx_word' id='word_1_14' title='bbox 1027 295 1078 339; x_wconf 77' lang='lat' dir='ltr'>L.</span> <span class='ocrx_word' id='word_1_15' title='bbox 1127 293 1342 341; x_wconf 73' lang='lat' dir='ltr'>monuo</span> <span class='ocrx_word' id='word_1_16' title='bbox 1383 293 1605 340; x_wconf 77' lang='lat' dir='ltr'>ARCHIA</span> <span class='ocrx_word' id='word_1_17' title='bbox 1650 294 1839 340; x_wconf 76' lang='lat' dir='ltr'><strong>POETA</strong></span> <span class='ocrx_word' id='word_1_18' title='bbox 1889 302 1904 332; x_wconf 59' lang='grc' dir='ltr'><em>ἲ</em></span> 
     </span>
    </p>
   </div>
   <div class='ocr_carea' id='block_1_4' title="bbox 288 436 1904 511">
    <p class='ocr_par' dir='ltr' id='par_1_4' title="bbox 288 436 1904 511">
     <span class='ocr_line' id='line_1_4' title="bbox 288 436 1904 511; baseline -0.004 -16"><span class='ocrx_word' id='word_1_19' title='bbox 288 449 487 495; x_wconf 85' lang='lat' dir='ltr'>sensu</span> <span class='ocrx_word' id='word_1_20' title='bbox 538 437 765 492; x_wconf 83' lang='lat' dir='ltr'>nostro</span> <span class='ocrx_word' id='word_1_21' title='bbox 821 436 1083 509; x_wconf 82' lang='lat' dir='ltr'>gustare</span> <span class='ocrx_word' id='word_1_22' title='bbox 1140 446 1514 511; x_wconf 75' lang='lat' dir='ltr'>possemne,</span> <span class='ocrx_word' id='word_1_23' title='bbox 1573 436 1791 491; x_wconf 86' lang='lat' dir='ltr'>tamen</span> <span class='ocrx_word' id='word_1_24' title='bbox 1860 450 1904 491; x_wconf 72' lang='lat' dir='ltr'>e:</span> 
     </span>
    </p>
   </div>
   <div class='ocr_carea' id='block_1_5' title="bbox 223 531 1904 2749">
    <p class='ocr_par' dir='ltr' id='par_1_5' title="bbox 223 531 1904 2215">
     <span class='ocr_line' id='line_1_5' title="bbox 289 531 1904 606; baseline -0.001 -14"><span class='ocrx_word' id='word_1_25' title='bbox 289 532 697 606; x_wconf 69' lang='lat' dir='ltr'>deberemtm,</span> <span class='ocrx_word' id='word_1_26' title='bbox 735 533 929 591; x_wconf 85' lang='lat' dir='ltr'>etiam</span> <span class='ocrx_word' id='word_1_27' title='bbox 958 548 1110 592; x_wconf 87' lang='lat' dir='ltr'>cum</span> <span class='ocrx_word' id='word_1_28' title='bbox 1140 531 1204 592; x_wconf 89' lang='lat' dir='ltr'>in</span> <span class='ocrx_word' id='word_1_29' title='bbox 1243 532 1385 591; x_wconf 84' lang='lat' dir='ltr'>aliis</span> <span class='ocrx_word' id='word_1_30' title='bbox 1424 532 1822 592; x_wconf 77' lang='lat' dir='ltr'>videremus,</span> <span class='ocrx_word' id='word_1_31' title='bbox 1856 532 1904 602; x_wconf 98' lang='lat' dir='ltr'>Q</span> 
     </span>
     <span class='ocr_line' id='line_1_6' title="bbox 287 620 1904 699; baseline -0.001 -17"><span class='ocrx_word' id='word_1_32' title='bbox 287 627 459 682; x_wconf 79' lang='lat' dir='ltr'>trum</span> <span class='ocrx_word' id='word_1_33' title='bbox 507 624 639 681; x_wconf 85' lang='lat' dir='ltr'>tam</span> <span class='ocrx_word' id='word_1_34' title='bbox 698 620 919 681; x_wconf 82' lang='lat' dir='ltr'>animo</span> <span class='ocrx_word' id='word_1_35' title='bbox 971 622 1250 699; x_wconf 83' lang='lat' dir='ltr'>agresti¹</span> <span class='ocrx_word' id='word_1_36' title='bbox 1317 638 1390 681; x_wconf 87' lang='lat' dir='ltr'>ac</span> <span class='ocrx_word' id='word_1_37' title='bbox 1435 620 1597 681; x_wconf 87' lang='lat' dir='ltr'>duro</span> <span class='ocrx_word' id='word_1_38' title='bbox 1642 620 1787 693; x_wconf 80' lang='lat' dir='ltr'>fuit,</span> <span class='ocrx_word' id='word_1_39' title='bbox 1831 625 1904 698; x_wconf 82' lang='lat' dir='ltr'>ut</span> 
     </span>
     <span class='ocr_line' id='line_1_7' title="bbox 285 710 1904 787; baseline -0.001 -17"><span class='ocrx_word' id='word_1_40' title='bbox 285 714 494 770; x_wconf 89' lang='lat' dir='ltr'>morte</span> <span class='ocrx_word' id='word_1_41' title='bbox 516 725 726 787; x_wconf 80' lang='lat' dir='ltr'><strong>nuper</strong></span> <span class='ocrx_word' id='word_1_42' title='bbox 747 726 878 770; x_wconf 89' lang='lat' dir='ltr'>non</span> <span class='ocrx_word' id='word_1_43' title='bbox 903 710 1470 770; x_wconf 71' lang='lat' dir='ltr'>commoveretur?</span> <span class='ocrx_word' id='word_1_44' title='bbox 1495 711 1787 781; x_wconf 87' lang='lat' dir='ltr'>Quicum</span> <span class='ocrx_word' id='word_1_45' title='bbox 1813 726 1904 769; x_wconf 67' lang='lat' dir='ltr'>ess</span> 
     </span>
     <span class='ocr_line' id='line_1_8' title="bbox 284 800 1904 878; baseline -0.001 -19"><span class='ocrx_word' id='word_1_46' title='bbox 284 804 607 872; x_wconf 76' lang='lat' dir='ltr'>mortuuS,</span> <span class='ocrx_word' id='word_1_47' title='bbox 639 803 881 877; x_wconf 84' lang='lat' dir='ltr'>tamen,</span> <span class='ocrx_word' id='word_1_48' title='bbox 912 804 1176 878; x_wconf 85' lang='lat' dir='ltr'>propter</span> <span class='ocrx_word' id='word_1_49' title='bbox 1193 800 1612 860; x_wconf 78' lang='lat' dir='ltr'>excellentem</span> <span class='ocrx_word' id='word_1_50' title='bbox 1639 803 1843 859; x_wconf 78' lang='lat' dir='ltr'>artem</span> <span class='ocrx_word' id='word_1_51' title='bbox 1872 816 1904 858; x_wconf 80' lang='lat' dir='ltr'>a</span> 
     </span>
     <span class='ocr_line' id='line_1_9' title="bbox 288 887 1904 963; baseline -0.001 -14"><span class='ocrx_word' id='word_1_52' title='bbox 288 892 504 963; x_wconf 87' lang='lat' dir='ltr'>tatem,</span> <span class='ocrx_word' id='word_1_53' title='bbox 561 887 899 949; x_wconf 82' lang='lat' dir='ltr'>videbatur</span> <span class='ocrx_word' id='word_1_54' title='bbox 957 888 1226 949; x_wconf 87' lang='lat' dir='ltr'>omnino</span> <span class='ocrx_word' id='word_1_55' title='bbox 1275 889 1443 948; x_wconf 88' lang='lat' dir='ltr'>mori</span> <span class='ocrx_word' id='word_1_56' title='bbox 1488 905 1622 948; x_wconf 86' lang='lat' dir='ltr'>non</span> <span class='ocrx_word' id='word_1_57' title='bbox 1661 887 1904 947; x_wconf 77' lang='lat' dir='ltr'>debuis=</span> 
     </span>
     <span class='ocr_line' id='line_1_10' title="bbox 283 978 1904 1056; baseline 0 -20"><span class='ocrx_word' id='word_1_58' title='bbox 283 978 389 1037; x_wconf 88' lang='lat' dir='ltr'>ille</span> <span class='ocrx_word' id='word_1_59' title='bbox 426 978 717 1056; x_wconf 89' lang='lat' dir='ltr'>corporis</span> <span class='ocrx_word' id='word_1_60' title='bbox 753 982 939 1038; x_wconf 86' lang='lat' dir='ltr'>motu</span> <span class='ocrx_word' id='word_1_61' title='bbox 977 981 1230 1041; x_wconf 83' lang='lat' dir='ltr'>tantum</span> <span class='ocrx_word' id='word_1_62' title='bbox 1261 995 1554 1038; x_wconf 89' lang='lat' dir='ltr'>amorem</span> <span class='ocrx_word' id='word_1_63' title='bbox 1590 978 1715 1037; x_wconf 90' lang='lat' dir='ltr'>sibi</span> <span class='ocrx_word' id='word_1_64' title='bbox 1761 992 1904 1038; x_wconf 75' lang='lat' dir='ltr'>con«</span> 
     </span>
     <span class='ocr_line' id='line_1_11' title="bbox 281 1066 1904 1140; baseline 0.001 -14"><span class='ocrx_word' id='word_1_65' title='bbox 281 1067 475 1127; x_wconf 83' lang='lat' dir='ltr'>nobis</span> <span class='ocrx_word' id='word_1_66' title='bbox 512 1067 851 1140; x_wconf 86' lang='lat' dir='ltr'>omnibus;</span> <span class='ocrx_word' id='word_1_67' title='bbox 898 1084 1019 1127; x_wconf 89' lang='lat' dir='ltr'>nos</span> <span class='ocrx_word' id='word_1_68' title='bbox 1070 1068 1442 1127; x_wconf 81' lang='lat' dir='ltr'>animorum</span> <span class='ocrx_word' id='word_1_69' title='bbox 1493 1066 1904 1127; x_wconf 74' lang='lat' dir='ltr'>incredibiles</span> 
     </span>
     <span class='ocr_line' id='line_1_12' title="bbox 282 1155 1904 1235; baseline -0.001 -19"><span class='ocrx_word' id='word_1_70' title='bbox 282 1156 810 1233; x_wconf 79' lang='lat' dir='ltr'>celeritatemque</span> <span class='ocrx_word' id='word_1_71' title='bbox 832 1155 1244 1233; x_wconf 86' lang='lat' dir='ltr'>ingeniorum</span> <span class='ocrx_word' id='word_1_72' title='bbox 1266 1155 1734 1235; x_wconf 70' lang='lat' dir='ltr'>neglegemus?</span> <span class='ocrx_word' id='word_1_73' title='bbox 1765 1157 1862 1215; x_wconf 69' lang='lat'>182</span> <span class='ocrx_word' id='word_1_74' title='bbox 1888 1158 1904 1222; x_wconf 69' lang='lat' dir='ltr'>t</span> 
     </span>
     <span class='ocr_line' id='line_1_13' title="bbox 281 1242 1904 1324; baseline 0 -19"><span class='ocrx_word' id='word_1_75' title='bbox 281 1261 401 1321; x_wconf 88' lang='lat' dir='ltr'>ego</span> <span class='ocrx_word' id='word_1_76' title='bbox 449 1244 624 1304; x_wconf 88' lang='lat' dir='ltr'>hunc</span> <span class='ocrx_word' id='word_1_77' title='bbox 674 1242 977 1304; x_wconf 81' lang='lat' dir='ltr'>Archiam</span> <span class='ocrx_word' id='word_1_78' title='bbox 1039 1242 1195 1315; x_wconf 84' lang='lat' dir='ltr'>vidi,</span> <span class='ocrx_word' id='word_1_79' title='bbox 1251 1245 1509 1322; x_wconf 82' lang='lat' dir='ltr'>judices</span> <span class='ocrx_word' id='word_1_80' title='bbox 1546 1244 1716 1324; x_wconf 84' lang='lat' dir='ltr'>(utar</span> <span class='ocrx_word' id='word_1_81' title='bbox 1767 1246 1904 1305; x_wconf 75' lang='lat' dir='ltr'>enit</span> 
     </span>
     <span class='ocr_line' id='line_1_14' title="bbox 282 1335 1904 1412; baseline -0.001 -16"><span class='ocrx_word' id='word_1_82' title='bbox 282 1336 700 1412; x_wconf 83' lang='lat' dir='ltr'>benignitate,</span> <span class='ocrx_word' id='word_1_83' title='bbox 740 1335 1051 1411; x_wconf 83' lang='lat' dir='ltr'>quoniam</span> <span class='ocrx_word' id='word_1_84' title='bbox 1082 1348 1189 1394; x_wconf 87' lang='lat' dir='ltr'>me</span> <span class='ocrx_word' id='word_1_85' title='bbox 1221 1335 1288 1393; x_wconf 90' lang='lat' dir='ltr'>in</span> <span class='ocrx_word' id='word_1_86' title='bbox 1318 1336 1443 1395; x_wconf 89' lang='lat' dir='ltr'>hoc</span> <span class='ocrx_word' id='word_1_87' title='bbox 1472 1350 1640 1395; x_wconf 81' lang='lat' dir='ltr'>novo</span> <span class='ocrx_word' id='word_1_88' title='bbox 1675 1347 1904 1412; x_wconf 82' lang='lat' dir='ltr'>genere</span> 
     </span>
     <span class='ocr_line' id='line_1_15' title="bbox 281 1423 1904 1503; baseline 0 -20"><span class='ocrx_word' id='word_1_89' title='bbox 281 1429 412 1484; x_wconf 87' lang='lat' dir='ltr'>tam</span> <span class='ocrx_word' id='word_1_90' title='bbox 445 1424 788 1501; x_wconf 83' lang='lat' dir='ltr'>diligenter</span> <span class='ocrx_word' id='word_1_91' title='bbox 812 1423 1168 1503; x_wconf 86' lang='lat' dir='ltr'>attenditis)</span> <span class='ocrx_word' id='word_1_92' title='bbox 1194 1425 1496 1500; x_wconf 82' lang='lat' dir='ltr'>quotiens</span> <span class='ocrx_word' id='word_1_93' title='bbox 1529 1441 1647 1501; x_wconf 87' lang='lat' dir='ltr'>ego</span> <span class='ocrx_word' id='word_1_94' title='bbox 1678 1425 1904 1484; x_wconf 83' lang='lat' dir='ltr'>huncv</span> 
     </span>
     <span class='ocr_line' id='line_1_16' title="bbox 281 1512 1904 1591; baseline 0.001 -20"><span class='ocrx_word' id='word_1_95' title='bbox 281 1514 561 1573; x_wconf 78' lang='lat' dir='ltr'>litteram</span> <span class='ocrx_word' id='word_1_96' title='bbox 597 1512 971 1589; x_wconf 79' lang='lat' dir='ltr'>scripsisset</span> <span class='ocrx_word' id='word_1_97' title='bbox 996 1513 1266 1586; x_wconf 85' lang='lat' dir='ltr'>nullam,</span> <span class='ocrx_word' id='word_1_98' title='bbox 1307 1529 1619 1591; x_wconf 86' lang='lat' dir='ltr'>magnum</span> <span class='ocrx_word' id='word_1_99' title='bbox 1650 1530 1904 1573; x_wconf 73' lang='lat' dir='ltr'>numeri</span> 
     </span>
     <span class='ocr_line' id='line_1_17' title="bbox 223 1602 1896 1680; baseline 0.001 -20"><span class='ocrx_word' id='word_1_100' title='bbox 223 1658 225 1660; x_wconf 76' lang='grc'><strong>,</strong></span> <span class='ocrx_word' id='word_1_101' title='bbox 280 1619 538 1661; x_wconf 88' lang='lat' dir='ltr'>morum</span> <span class='ocrx_word' id='word_1_102' title='bbox 577 1618 886 1660; x_wconf 86' lang='lat' dir='ltr'>versuum</span> <span class='ocrx_word' id='word_1_103' title='bbox 937 1602 1015 1663; x_wconf 87' lang='lat' dir='ltr'>de</span> <span class='ocrx_word' id='word_1_104' title='bbox 1047 1602 1128 1660; x_wconf 88' lang='lat' dir='ltr'>iis</span> <span class='ocrx_word' id='word_1_105' title='bbox 1158 1602 1320 1677; x_wconf 89' lang='lat' dir='ltr'>ipsis</span> <span class='ocrx_word' id='word_1_106' title='bbox 1361 1603 1554 1662; x_wconf 84' lang='lat' dir='ltr'>rebus</span> <span class='ocrx_word' id='word_1_107' title='bbox 1583 1620 1727 1680; x_wconf 81' lang='lat' dir='ltr'>quae</span> <span class='ocrx_word' id='word_1_108' title='bbox 1759 1608 1896 1662; x_wconf 82' lang='lat' dir='ltr'>tum</span> 
     </span>
     <span class='ocr_line' id='line_1_18' title="bbox 277 1690 1904 1766; baseline 0.002 -18"><span class='ocrx_word' id='word_1_109' title='bbox 277 1696 407 1763; x_wconf 82' lang='lat' dir='ltr'>tur,</span> <span class='ocrx_word' id='word_1_110' title='bbox 439 1690 651 1750; x_wconf 89' lang='lat' dir='ltr'>dicere</span> <span class='ocrx_word' id='word_1_111' title='bbox 701 1707 779 1750; x_wconf 81' lang='lat' dir='ltr'>ex</span> <span class='ocrx_word' id='word_1_112' title='bbox 825 1693 1118 1766; x_wconf 89' lang='lat' dir='ltr'>tempore</span> <span class='ocrx_word' id='word_1_113' title='bbox 1144 1691 1195 1748; x_wconf 75' lang='lat'>²³1</span> <span class='ocrx_word' id='word_1_114' title='bbox 1246 1690 1554 1763; x_wconf 82' lang='lat' dir='ltr'>Quotiens</span> <span class='ocrx_word' id='word_1_115' title='bbox 1585 1696 1904 1752; x_wconf 74' lang='lat' dir='ltr'>revocatui</span> 
     </span>
     <span class='ocr_line' id='line_1_19' title="bbox 278 1778 1904 1857; baseline 0.003 -20"><span class='ocrx_word' id='word_1_116' title='bbox 278 1778 425 1838; x_wconf 87' lang='lat' dir='ltr'>dem</span> <span class='ocrx_word' id='word_1_117' title='bbox 456 1796 593 1838; x_wconf 88' lang='lat' dir='ltr'>rem</span> <span class='ocrx_word' id='word_1_118' title='bbox 626 1779 866 1852; x_wconf 81' lang='lat' dir='ltr'>dicere,</span> <span class='ocrx_word' id='word_1_119' title='bbox 900 1780 1322 1840; x_wconf 83' lang='lat' dir='ltr'>commutatis</span> <span class='ocrx_word' id='word_1_120' title='bbox 1341 1779 1557 1841; x_wconf 81' lang='lat' dir='ltr'>verbis</span> <span class='ocrx_word' id='word_1_121' title='bbox 1589 1785 1779 1857; x_wconf 82' lang='lat' dir='ltr'>atque</span> <span class='ocrx_word' id='word_1_122' title='bbox 1815 1795 1904 1842; x_wconf 74' lang='lat' dir='ltr'>sei</span> 
     </span>
     <span class='ocr_line' id='line_1_20' title="bbox 235 1866 1904 1947; baseline 0.001 -20"><span class='ocrx_word' id='word_1_123' title='bbox 235 1905 246 1910; x_wconf 82' lang='lat'>-</span> <span class='ocrx_word' id='word_1_124' title='bbox 276 1868 429 1937; x_wconf 81' lang='lat' dir='ltr'>Quae</span> <span class='ocrx_word' id='word_1_125' title='bbox 453 1883 609 1927; x_wconf 82' lang='lat' dir='ltr'>vero</span> <span class='ocrx_word' id='word_1_126' title='bbox 640 1869 934 1928; x_wconf 84' lang='lat' dir='ltr'>accurate</span> <span class='ocrx_word' id='word_1_127' title='bbox 965 1866 1374 1944; x_wconf 78' lang='lat' dir='ltr'>cogitateque</span> <span class='ocrx_word' id='word_1_128' title='bbox 1405 1868 1801 1947; x_wconf 77' lang='lat' dir='ltr'>scripsisset,</span> <span class='ocrx_word' id='word_1_129' title='bbox 1830 1888 1904 1931; x_wconf 88' lang='lat' dir='ltr'>ea</span> 
     </span>
     <span class='ocr_line' id='line_1_21' title="bbox 276 1955 1904 2038; baseline 0.003 -23"><span class='ocrx_word' id='word_1_130' title='bbox 276 1956 558 2034; x_wconf 87' lang='lat' dir='ltr'>probari,</span> <span class='ocrx_word' id='word_1_131' title='bbox 593 1959 663 2016; x_wconf 84' lang='lat' dir='ltr'>ut</span> <span class='ocrx_word' id='word_1_132' title='bbox 696 1955 775 2016; x_wconf 88' lang='lat' dir='ltr'>ad</span> <span class='ocrx_word' id='word_1_133' title='bbox 802 1959 1095 2016; x_wconf 87' lang='lat' dir='ltr'>veterum</span> <span class='ocrx_word' id='word_1_134' title='bbox 1127 1956 1521 2034; x_wconf 85' lang='lat' dir='ltr'>scriptorum</span> <span class='ocrx_word' id='word_1_135' title='bbox 1545 1959 1564 1990; x_wconf 78' lang='lat'>⁵</span> <span class='ocrx_word' id='word_1_136' title='bbox 1602 1958 1861 2020; x_wconf 88' lang='lat' dir='ltr'>laudem</span> <span class='ocrx_word' id='word_1_137' title='bbox 1893 1978 1904 2038; x_wconf 84' lang='lat'>1</span> 
     </span>
     <span class='ocr_line' id='line_1_22' title="bbox 273 2040 1904 2123; baseline 0.002 -17"><span class='ocrx_word' id='word_1_138' title='bbox 273 2050 390 2106; x_wconf 87' lang='lat' dir='ltr'>ret.</span> <span class='ocrx_word' id='word_1_139' title='bbox 421 2047 607 2106; x_wconf 92' lang='lat' dir='ltr'>Hunc</span> <span class='ocrx_word' id='word_1_140' title='bbox 637 2063 754 2123; x_wconf 88' lang='lat' dir='ltr'>ego</span> <span class='ocrx_word' id='word_1_141' title='bbox 794 2063 926 2106; x_wconf 91' lang='lat' dir='ltr'>non</span> <span class='ocrx_word' id='word_1_142' title='bbox 980 2045 1293 2123; x_wconf 78' lang='lat' dir='ltr'>diligam⁶,</span> <span class='ocrx_word' id='word_1_143' title='bbox 1328 2065 1461 2107; x_wconf 90' lang='lat' dir='ltr'>non</span> <span class='ocrx_word' id='word_1_144' title='bbox 1486 2040 1807 2120; x_wconf 82' lang='lat' dir='ltr'>admirer,</span> <span class='ocrx_word' id='word_1_145' title='bbox 1837 2068 1904 2110; x_wconf 76' lang='lat' dir='ltr'>n&lt;</span> 
     </span>
     <span class='ocr_line' id='line_1_23' title="bbox 273 2134 1335 2215; baseline 0 -20"><span class='ocrx_word' id='word_1_146' title='bbox 273 2136 521 2196; x_wconf 80' lang='lat' dir='ltr'>ratione</span> <span class='ocrx_word' id='word_1_147' title='bbox 554 2134 1036 2196; x_wconf 84' lang='lat' dir='ltr'>defendendum</span> <span class='ocrx_word' id='word_1_148' title='bbox 1068 2138 1335 2215; x_wconf 69' lang='lat' dir='ltr'>putem?</span> 
     </span>
    </p>

    <p class='ocr_par' dir='ltr' id='par_1_6' title="bbox 269 2221 1904 2749">
     <span class='ocr_line' id='line_1_24' title="bbox 351 2221 1900 2301; baseline 0.004 -19"><span class='ocrx_word' id='word_1_149' title='bbox 351 2221 558 2301; x_wconf 86' lang='lat' dir='ltr'>Atque</span> <span class='ocrx_word' id='word_1_150' title='bbox 612 2222 707 2284; x_wconf 85' lang='lat' dir='ltr'>sic</span> <span class='ocrx_word' id='word_1_151' title='bbox 753 2241 789 2282; x_wconf 89' lang='lat' dir='ltr'>a</span> <span class='ocrx_word' id='word_1_152' title='bbox 838 2225 1117 2285; x_wconf 86' lang='lat' dir='ltr'>summis</span> <span class='ocrx_word' id='word_1_153' title='bbox 1162 2225 1540 2286; x_wconf 88' lang='lat' dir='ltr'>hominibus</span> <span class='ocrx_word' id='word_1_154' title='bbox 1592 2227 1900 2288; x_wconf 81' lang='lat' dir='ltr'>eruditiss</span> 
     </span>
     <span class='ocr_line' id='line_1_25' title="bbox 271 2313 1904 2391; baseline 0.003 -19"><span class='ocrx_word' id='word_1_155' title='bbox 271 2313 667 2390; x_wconf 81' lang='lat' dir='ltr'>accepimUS,</span> <span class='ocrx_word' id='word_1_156' title='bbox 710 2316 1074 2373; x_wconf 86' lang='lat' dir='ltr'>ceterarum</span> <span class='ocrx_word' id='word_1_157' title='bbox 1122 2329 1341 2373; x_wconf 89' lang='lat' dir='ltr'>rerum</span> <span class='ocrx_word' id='word_1_158' title='bbox 1394 2315 1627 2391; x_wconf 77' lang='lat' dir='ltr'>studia,</span> <span class='ocrx_word' id='word_1_159' title='bbox 1663 2330 1742 2376; x_wconf 85' lang='lat' dir='ltr'>ex</span> <span class='ocrx_word' id='word_1_160' title='bbox 1791 2317 1904 2377; x_wconf 82' lang='lat' dir='ltr'>doc</span> 
     </span>
     <span class='ocr_line' id='line_1_26' title="bbox 271 2401 1904 2485; baseline 0.004 -26"><span class='ocrx_word' id='word_1_161' title='bbox 271 2401 611 2480; x_wconf 76' lang='lat' dir='ltr'>praeceptis</span> <span class='ocrx_word' id='word_1_162' title='bbox 639 2404 698 2460; x_wconf 88' lang='lat' dir='ltr'>et</span> <span class='ocrx_word' id='word_1_163' title='bbox 724 2405 857 2461; x_wconf 86' lang='lat' dir='ltr'>arte</span> <span class='ocrx_word' id='word_1_164' title='bbox 885 2405 1202 2476; x_wconf 88' lang='lat' dir='ltr'>constare,</span> <span class='ocrx_word' id='word_1_165' title='bbox 1238 2406 1495 2479; x_wconf 89' lang='lat' dir='ltr'>poetam</span> <span class='ocrx_word' id='word_1_166' title='bbox 1527 2408 1760 2465; x_wconf 87' lang='lat' dir='ltr'>natura</span> <span class='ocrx_word' id='word_1_167' title='bbox 1793 2405 1904 2485; x_wconf 77' lang='lat' dir='ltr'>ips:</span> 
     </span>
     <span class='ocr_line' id='line_1_27' title="bbox 270 2488 1904 2572; baseline 0.003 -23"><span class='ocrx_word' id='word_1_168' title='bbox 270 2496 333 2550; x_wconf 85' lang='lat' dir='ltr'>et</span> <span class='ocrx_word' id='word_1_169' title='bbox 363 2491 599 2551; x_wconf 89' lang='lat' dir='ltr'>mentis</span> <span class='ocrx_word' id='word_1_170' title='bbox 631 2488 878 2551; x_wconf 88' lang='lat' dir='ltr'>viribus</span> <span class='ocrx_word' id='word_1_171' title='bbox 911 2489 1175 2550; x_wconf 82' lang='lat' dir='ltr'>excitari</span> <span class='ocrx_word' id='word_1_172' title='bbox 1203 2494 1266 2551; x_wconf 90' lang='lat' dir='ltr'>et</span> <span class='ocrx_word' id='word_1_173' title='bbox 1296 2492 1480 2568; x_wconf 87' lang='lat' dir='ltr'>quasi</span> <span class='ocrx_word' id='word_1_174' title='bbox 1503 2490 1722 2553; x_wconf 89' lang='lat' dir='ltr'>divino</span> <span class='ocrx_word' id='word_1_175' title='bbox 1746 2495 1904 2572; x_wconf 80' lang='lat' dir='ltr'>quoc‘</span> 
     </span>
     <span class='ocr_line' id='line_1_28' title="bbox 269 2579 1904 2658; baseline 0.004 -20"><span class='ocrx_word' id='word_1_176' title='bbox 269 2581 397 2640; x_wconf 87' lang='lat' dir='ltr'>ritu</span> <span class='ocrx_word' id='word_1_177' title='bbox 468 2581 699 2641; x_wconf 89' lang='lat' dir='ltr'>inflari.</span> <span class='ocrx_word' id='word_1_178' title='bbox 775 2579 979 2651; x_wconf 86' lang='lat' dir='ltr'>Quare</span> <span class='ocrx_word' id='word_1_179' title='bbox 1054 2597 1173 2641; x_wconf 90' lang='lat' dir='ltr'>suo</span> <span class='ocrx_word' id='word_1_180' title='bbox 1216 2582 1366 2658; x_wconf 88' lang='lat' dir='ltr'>jure</span> <span class='ocrx_word' id='word_1_181' title='bbox 1424 2587 1647 2644; x_wconf 87' lang='lat' dir='ltr'>noster</span> <span class='ocrx_word' id='word_1_182' title='bbox 1715 2585 1822 2644; x_wconf 91' lang='lat' dir='ltr'>ille</span> <span class='ocrx_word' id='word_1_183' title='bbox 1901 2588 1904 2644; x_wconf 82' lang='lat'><strong><em>1</em></strong></span> 
     </span>
     <span class='ocr_line' id='line_1_29' title="bbox 271 2668 1904 2749; baseline 0.005 -25"><span class='ocrx_word' id='word_1_184' title='bbox 271 2692 301 2724; x_wconf 70' lang='grc' dir='ltr'><strong><em>κ</em></strong></span> <span class='ocrx_word' id='word_1_185' title='bbox 336 2675 594 2732; x_wconf 82' lang='lat' dir='ltr'>sanctos</span> <span class='ocrx_word' id='word_1_186' title='bbox 629 2693 658 2727; x_wconf 75' lang='lat' dir='ltr'>r&gt;</span> <span class='ocrx_word' id='word_1_187' title='bbox 691 2671 974 2749; x_wconf 80' lang='lat' dir='ltr'>appellat</span> <span class='ocrx_word' id='word_1_188' title='bbox 994 2676 1245 2747; x_wconf 74' lang='lat' dir='ltr'>poetae,</span> <span class='ocrx_word' id='word_1_189' title='bbox 1266 2670 1439 2748; x_wconf 89' lang='lat' dir='ltr'>quod</span> <span class='ocrx_word' id='word_1_190' title='bbox 1457 2668 1643 2749; x_wconf 78' lang='lat' dir='ltr'>quasi</span> <span class='ocrx_word' id='word_1_191' title='bbox 1666 2673 1904 2733; x_wconf 70' lang='lat' dir='ltr'>deorum</span> 
     </span>
    </p>
   </div>
   <div class='ocr_carea' id='block_1_6' title="bbox 265 2856 1904 2975">
    <p class='ocr_par' dir='ltr' id='par_1_7' title="bbox 265 2856 1904 2975">
     <span class='ocr_line' id='line_1_30' title="bbox 317 2856 1904 2916; baseline 0.001 -16"><span class='ocrx_word' id='word_1_192' title='bbox 317 2860 357 2902; x_wconf 91' lang='lat'>1.</span> <span class='ocrx_word' id='word_1_193' title='bbox 380 2857 540 2900; x_wconf 78' lang='lat' dir='ltr'>Animo</span> <span class='ocrx_word' id='word_1_194' title='bbox 559 2860 746 2913; x_wconf 63' lang='lat' dir='ltr'>amati.</span> <span class='ocrx_word' id='word_1_195' title='bbox 769 2860 841 2902; x_wconf 84' lang='lat' dir='ltr'>Cf.</span> <span class='ocrx_word' id='word_1_196' title='bbox 858 2858 951 2900; x_wconf 80' lang='lat' dir='ltr'>Pro</span> <span class='ocrx_word' id='word_1_197' title='bbox 965 2856 1177 2910; x_wconf 82' lang='lat' dir='ltr'>Murena,</span> <span class='ocrx_word' id='word_1_198' title='bbox 1340 2858 1378 2901; x_wconf 72' lang='lat'>4.</span> <span class='ocrx_word' id='word_1_199' title='bbox 1415 2857 1694 2902; x_wconf 73' lang='lat' dir='ltr'>Revocatam.</span> <span class='ocrx_word' id='word_1_200' title='bbox 1749 2860 1904 2916; x_wconf 79' lang='lat' dir='ltr'>Rappe</span> 
     </span>
     <span class='ocr_line' id='line_1_31' title="bbox 265 2912 1468 2975; baseline 0.004 -22"><span class='ocrx_word' id='word_1_201' title='bbox 265 2922 405 2960; x_wconf 68' lang='lat' dir='ltr'>xxtx,</span> <span class='ocrx_word' id='word_1_202' title='bbox 430 2912 480 2955; x_wconf 71' lang='lat' dir='ltr'>ffl</span> <span class='ocrx_word' id='word_1_203' title='bbox 497 2926 511 2952; x_wconf 91' lang='lat'>.·</span> <span class='ocrx_word' id='word_1_204' title='bbox 532 2912 586 2954; x_wconf 83' lang='lat' dir='ltr'>In</span> <span class='ocrx_word' id='word_1_205' title='bbox 607 2913 758 2975; x_wconf 67' lang='lat' dir='ltr'>aliquo</span> <span class='ocrx_word' id='word_1_206' title='bbox 777 2916 993 2955; x_wconf 69' lang='lat' dir='ltr'>conventu</span> <span class='ocrx_word' id='word_1_207' title='bbox 1023 2923 1175 2966; x_wconf 64' lang='lat' dir='ltr'>cyres-</span> <span class='ocrx_word' id='word_1_208' title='bbox 1284 2916 1468 2958; x_wconf 69' lang='lat' dir='ltr'>auteur.</span> 
     </span>
    </p>
   </div>
   <div class='ocr_carea' id='block_1_7' title="bbox 263 2963 1904 3284">
    <p class='ocr_par' dir='ltr' id='par_1_8' title="bbox 263 2963 1904 3284">
     <span class='ocr_line' id='line_1_32' title="bbox 264 2963 1898 3010; baseline 0.003 -6"><span class='ocrx_word' id='word_1_209' title='bbox 264 2964 389 3005; x_wconf 70' lang='lat' dir='ltr'>tium.</span> <span class='ocrx_word' id='word_1_210' title='bbox 422 2965 488 3007; x_wconf 78' lang='lat' dir='ltr'>La</span> <span class='ocrx_word' id='word_1_211' title='bbox 519 2963 683 3009; x_wconf 82' lang='lat' dir='ltr'>durete</span> <span class='ocrx_word' id='word_1_212' title='bbox 713 2968 758 3009; x_wconf 70' lang='lat' dir='ltr'>et</span> <span class='ocrx_word' id='word_1_213' title='bbox 787 2965 834 3009; x_wconf 85' lang='lat' dir='ltr'>la</span> <span class='ocrx_word' id='word_1_214' title='bbox 862 2966 1057 3009; x_wconf 84' lang='lat' dir='ltr'>rudesse</span> <span class='ocrx_word' id='word_1_215' title='bbox 1088 2963 1171 3009; x_wconf 79' lang='lat' dir='ltr'>des</span> <span class='ocrx_word' id='word_1_216' title='bbox 1335 2966 1375 3010; x_wconf 84' lang='lat'>5.</span> <span class='ocrx_word' id='word_1_217' title='bbox 1399 2963 1601 3009; x_wconf 76' lang='lat' dir='ltr'>Veterum</span> <span class='ocrx_word' id='word_1_218' title='bbox 1620 2969 1709 3009; x_wconf 76' lang='lat' dir='ltr'>scri</span> <span class='ocrx_word' id='word_1_219' title='bbox 1741 2971 1898 3009; x_wconf 69' lang='lat' dir='ltr'>torum.</span> 
     </span>
     <span class='ocr_line' id='line_1_33' title="bbox 263 3018 1856 3074; baseline 0.003 -13"><span class='ocrx_word' id='word_1_220' title='bbox 263 3029 380 3072; x_wconf 80' lang='lat' dir='ltr'>gens</span> <span class='ocrx_word' id='word_1_221' title='bbox 409 3018 466 3062; x_wconf 85' lang='lat' dir='ltr'>de</span> <span class='ocrx_word' id='word_1_222' title='bbox 493 3019 540 3062; x_wconf 83' lang='lat' dir='ltr'>la</span> <span class='ocrx_word' id='word_1_223' title='bbox 564 3028 843 3073; x_wconf 79' lang='lat' dir='ltr'>campagne,</span> <span class='ocrx_word' id='word_1_224' title='bbox 867 3029 954 3074; x_wconf 74' lang='lat' dir='ltr'>par</span> <span class='ocrx_word' id='word_1_225' title='bbox 978 3021 1169 3073; x_wconf 67' lang='lat' dir='ltr'>opponi·</span> <span class='ocrx_word' id='word_1_226' title='bbox 1281 3028 1418 3074; x_wconf 72' lang='lat' dir='ltr'>grece</span> <span class='ocrx_word' id='word_1_227' title='bbox 1465 3021 1523 3064; x_wconf 89' lang='lat' dir='ltr'>de</span> <span class='ocrx_word' id='word_1_228' title='bbox 1568 3021 1618 3063; x_wconf 79' lang='lat' dir='ltr'>la</span> <span class='ocrx_word' id='word_1_229' title='bbox 1663 3032 1691 3074; x_wconf 79' lang='lat' dir='ltr'>p</span> <span class='ocrx_word' id='word_1_230' title='bbox 1724 3022 1856 3065; x_wconf 84' lang='lat' dir='ltr'>riode</span> 
     </span>
     <span class='ocr_line' id='line_1_34' title="bbox 265 3070 1904 3118; baseline 0.002 -4"><span class='ocrx_word' id='word_1_231' title='bbox 265 3073 363 3114; x_wconf 89' lang='lat' dir='ltr'>tion</span> <span class='ocrx_word' id='word_1_232' title='bbox 385 3070 413 3114; x_wconf 77' lang='lat' dir='ltr'>a</span> <span class='ocrx_word' id='word_1_233' title='bbox 432 3072 687 3114; x_wconf 69' lang='lat' dir='ltr'>l&#39;urbaniee.</span> <span class='ocrx_word' id='word_1_234' title='bbox 1281 3074 1482 3116; x_wconf 86' lang='lat' dir='ltr'>Archias</span> <span class='ocrx_word' id='word_1_235' title='bbox 1501 3074 1573 3118; x_wconf 81' lang='lat' dir='ltr'>est</span> <span class='ocrx_word' id='word_1_236' title='bbox 1592 3085 1657 3117; x_wconf 90' lang='lat' dir='ltr'>un</span> <span class='ocrx_word' id='word_1_237' title='bbox 1679 3075 1904 3118; x_wconf 82' lang='lat' dir='ltr'>alexandr</span> 
     </span>
     <span class='ocr_line' id='line_1_35' title="bbox 317 3125 1769 3180; baseline 0.003 -11"><span class='ocrx_word' id='word_1_238' title='bbox 317 3126 360 3178; x_wconf 76' lang='lat'>2.</span> <span class='ocrx_word' id='word_1_239' title='bbox 381 3125 546 3167; x_wconf 74' lang='lat' dir='ltr'>Roscii.</span> <span class='ocrx_word' id='word_1_240' title='bbox 577 3127 691 3167; x_wconf 84' lang='lat' dir='ltr'>Voir</span> <span class='ocrx_word' id='word_1_241' title='bbox 713 3137 758 3180; x_wconf 78' lang='lat' dir='ltr'>p.</span> <span class='ocrx_word' id='word_1_242' title='bbox 776 3126 803 3169; x_wconf 84' lang='lat'>9</span> <span class='ocrx_word' id='word_1_243' title='bbox 824 3129 869 3170; x_wconf 86' lang='lat' dir='ltr'>et</span> <span class='ocrx_word' id='word_1_244' title='bbox 888 3127 1021 3169; x_wconf 82' lang='lat' dir='ltr'>suiv.</span> <span class='ocrx_word' id='word_1_245' title='bbox 1280 3126 1444 3171; x_wconf 84' lang='lat' dir='ltr'>derne.</span> <span class='ocrx_word' id='word_1_246' title='bbox 1519 3143 1522 3145; x_wconf 95' lang='lat'>·</span> <span class='ocrx_word' id='word_1_247' title='bbox 1764 3131 1769 3136; x_wconf 85' lang='grc'><em>“</em></span> 
     </span>
     <span class='ocr_line' id='line_1_36' title="bbox 314 3174 1904 3235; baseline 0.005 -17"><span class='ocrx_word' id='word_1_248' title='bbox 314 3176 354 3222; x_wconf 84' lang='lat'>3.</span> <span class='ocrx_word' id='word_1_249' title='bbox 383 3176 537 3220; x_wconf 78' lang='lat' dir='ltr'>Dicere</span> <span class='ocrx_word' id='word_1_250' title='bbox 562 3191 617 3219; x_wconf 68' lang='lat' dir='ltr'>ea:</span> <span class='ocrx_word' id='word_1_251' title='bbox 648 3183 854 3232; x_wconf 76' lang='lat' dir='ltr'>tempore.</span> <span class='ocrx_word' id='word_1_252' title='bbox 877 3181 967 3222; x_wconf 85' lang='lat' dir='ltr'>Les</span> <span class='ocrx_word' id='word_1_253' title='bbox 988 3179 1169 3235; x_wconf 82' lang='lat' dir='ltr'>cercles</span> <span class='ocrx_word' id='word_1_254' title='bbox 1331 3179 1372 3225; x_wconf 82' lang='lat'>6.</span> <span class='ocrx_word' id='word_1_255' title='bbox 1402 3174 1904 3234; x_wconf 69' lang='lat' dir='ltr'>Ditiyam.voirlan.1</span> 
     </span>
     <span class='ocr_line' id='line_1_37' title="bbox 263 3229 1904 3284; baseline 0.002 -11"><span class='ocrx_word' id='word_1_256' title='bbox 263 3231 517 3274; x_wconf 71' lang='lat' dir='ltr'>litterali-es</span> <span class='ocrx_word' id='word_1_257' title='bbox 556 3231 601 3274; x_wconf 82' lang='lat' dir='ltr'>et</span> <span class='ocrx_word' id='word_1_258' title='bbox 637 3232 894 3275; x_wconf 79' lang='lat' dir='ltr'>mondains</span> <span class='ocrx_word' id='word_1_259' title='bbox 933 3233 960 3275; x_wconf 70' lang='lat' dir='ltr'>a</span> <span class='ocrx_word' id='word_1_260' title='bbox 998 3232 1164 3281; x_wconf 85' lang='lat' dir='ltr'>Rome,</span> <span class='ocrx_word' id='word_1_261' title='bbox 1330 3230 1370 3275; x_wconf 89' lang='lat'>7.</span> <span class='ocrx_word' id='word_1_262' title='bbox 1401 3229 1592 3284; x_wconf 66' lang='lat' dir='ltr'>Ennius,</span> <span class='ocrx_word' id='word_1_263' title='bbox 1625 3234 1684 3277; x_wconf 75' lang='lat' dir='ltr'>ne</span> <span class='ocrx_word' id='word_1_264' title='bbox 1713 3232 1904 3278; x_wconf 68' lang='lat' dir='ltr'>aRudie</span> 
     </span>
    </p>
   </div>
   <div class='ocr_carea' id='block_1_8' title="bbox 261 3281 1904 3605">
    <p class='ocr_par' dir='ltr' id='par_1_9' title="bbox 261 3281 1904 3605">
     <span class='ocr_line' id='line_1_38' title="bbox 264 3281 1904 3352; baseline 0.003 -26"><span class='ocrx_word' id='word_1_265' title='bbox 264 3295 326 3326; x_wconf 85' lang='lat' dir='ltr'>au</span> <span class='ocrx_word' id='word_1_266' title='bbox 371 3288 521 3346; x_wconf 77' lang='lat' dir='ltr'>temps</span> <span class='ocrx_word' id='word_1_267' title='bbox 560 3281 619 3346; x_wconf 79' lang='lat' dir='ltr'>de</span> <span class='ocrx_word' id='word_1_268' title='bbox 657 3285 873 3348; x_wconf 77' lang='lat' dir='ltr'>ciceron,</span> <span class='ocrx_word' id='word_1_269' title='bbox 914 3286 1169 3352; x_wconf 68' lang='lat' dir='ltr'>goutaient</span> <span class='ocrx_word' id='word_1_270' title='bbox 1274 3284 1373 3336; x_wconf 82' lang='lat' dir='ltr'>bre,</span> <span class='ocrx_word' id='word_1_271' title='bbox 1409 3285 1576 3329; x_wconf 79' lang='lat' dir='ltr'>amene</span> <span class='ocrx_word' id='word_1_272' title='bbox 1619 3284 1648 3329; x_wconf 70' lang='lat' dir='ltr'>a</span> <span class='ocrx_word' id='word_1_273' title='bbox 1687 3289 1836 3331; x_wconf 84' lang='lat' dir='ltr'>Rome</span> <span class='ocrx_word' id='word_1_274' title='bbox 1876 3300 1904 3342; x_wconf 86' lang='lat' dir='ltr'>p</span> 
     </span>
     <span class='ocr_line' id='line_1_39' title="bbox 261 3334 1904 3404; baseline 0.005 -26"><span class='ocrx_word' id='word_1_275' title='bbox 261 3337 356 3380; x_wconf 81' lang='lat' dir='ltr'>sort</span> <span class='ocrx_word' id='word_1_276' title='bbox 388 3336 784 3391; x_wconf 76' lang='lat' dir='ltr'>l&#39;1mprov1satlon</span> <span class='ocrx_word' id='word_1_277' title='bbox 817 3342 864 3383; x_wconf 77' lang='lat' dir='ltr'>et</span> <span class='ocrx_word' id='word_1_278' title='bbox 897 3339 1004 3382; x_wconf 82' lang='lat' dir='ltr'>lart</span> <span class='ocrx_word' id='word_1_279' title='bbox 1027 3338 1165 3382; x_wconf 76' lang='lat' dir='ltr'>futile</span> <span class='ocrx_word' id='word_1_280' title='bbox 1273 3340 1414 3384; x_wconf 74' lang='lat' dir='ltr'>vecut</span> <span class='ocrx_word' id='word_1_281' title='bbox 1445 3340 1503 3384; x_wconf 91' lang='lat' dir='ltr'>de</span> <span class='ocrx_word' id='word_1_282' title='bbox 1535 3339 1616 3404; x_wconf 58' lang='lat'>239</span> <span class='ocrx_word' id='word_1_283' title='bbox 1648 3342 1676 3382; x_wconf 73' lang='lat' dir='ltr'>a</span> <span class='ocrx_word' id='word_1_284' title='bbox 1708 3334 1800 3386; x_wconf 77' lang='lat'><strong>169.</strong></span> <span class='ocrx_word' id='word_1_285' title='bbox 1834 3343 1904 3386; x_wconf 79' lang='lat' dir='ltr'>C&#39;e</span> 
     </span>
     <span class='ocr_line' id='line_1_40' title="bbox 262 3392 1904 3509; baseline 0.003 -23"><span class='ocrx_word' id='word_1_286' title='bbox 262 3455 364 3506; x_wconf 64' lang='lat' dir='ltr'>ntes</span> <span class='ocrx_word' id='word_1_287' title='bbox 393 3446 700 3496; x_wconf 60' lang='lat' dir='ltr'>(calamatatis</span> <span class='ocrx_word' id='word_1_288' title='bbox 728 3446 894 3498; x_wconf 73' lang='lat' dir='ltr'>verbis)</span> <span class='ocrx_word' id='word_1_289' title='bbox 923 3444 975 3489; x_wconf 85' lang='lat' dir='ltr'>la</span> <span class='ocrx_word' id='word_1_290' title='bbox 1009 3446 1162 3509; x_wconf 64' lang='lat' dir='ltr'>menie</span> <span class='ocrx_word' id='word_1_291' title='bbox 1272 3448 1437 3494; x_wconf 84' lang='lat' dir='ltr'>caine:</span> <span class='ocrx_word' id='word_1_292' title='bbox 1466 3392 1904 3504; x_wconf 45' lang='grc' dir='ltr'>ἕῗέἑιξοηὰῗὲωἳῗςῗ</span> 
     </span>
     <span class='ocr_line' id='line_1_41' title="bbox 261 3495 1902 3556; baseline 0.004 -18"><span class='ocrx_word' id='word_1_293' title='bbox 261 3495 380 3547; x_wconf 75' lang='lat' dir='ltr'>ides,</span> <span class='ocrx_word' id='word_1_294' title='bbox 440 3497 594 3541; x_wconf 78' lang='lat' dir='ltr'>theme</span> <span class='ocrx_word' id='word_1_295' title='bbox 642 3497 698 3542; x_wconf 87' lang='lat' dir='ltr'>cle</span> <span class='ocrx_word' id='word_1_296' title='bbox 746 3499 952 3555; x_wconf 87' lang='lat' dir='ltr'>quelque</span> <span class='ocrx_word' id='word_1_297' title='bbox 996 3511 1161 3553; x_wconf 76' lang='lat' dir='ltr'>poesie</span> <span class='ocrx_word' id='word_1_298' title='bbox 1271 3511 1331 3543; x_wconf 90' lang='lat' dir='ltr'>en</span> <span class='ocrx_word' id='word_1_299' title='bbox 1359 3502 1466 3545; x_wconf 84' lang='lat' dir='ltr'>tous</span> <span class='ocrx_word' id='word_1_300' title='bbox 1493 3511 1568 3545; x_wconf 81' lang='lat' dir='ltr'>ses</span> <span class='ocrx_word' id='word_1_301' title='bbox 1592 3511 1827 3556; x_wconf 81' lang='lat' dir='ltr'>ouvrages</span> <span class='ocrx_word' id='word_1_302' title='bbox 1856 3501 1902 3544; x_wconf 84' lang='lat' dir='ltr'>la</span> 
     </span>
     <span class='ocr_line' id='line_1_42' title="bbox 261 3550 1578 3605; baseline 0.004 -13"><span class='ocrx_word' id='word_1_303' title='bbox 261 3550 465 3605; x_wconf 81' lang='lat' dir='ltr'>fugitive</span> <span class='ocrx_word' id='word_1_304' title='bbox 480 3582 488 3592; x_wconf 81' lang='grc'><strong>.</strong></span> <span class='ocrx_word' id='word_1_305' title='bbox 1270 3550 1558 3597; x_wconf 77' lang='lat' dir='ltr'>admiration</span> <span class='ocrx_word' id='word_1_306' title='bbox 1568 3586 1578 3597; x_wconf 88' lang='lat'><strong>.</strong></span> 
     </span>
    </p>
   </div>
  </div>
 </body>
</html>
